2067 3034
134 103 224 159 ,462
441 102 734 153 EPILOGUS·

174 223 220 285 qui
233 213 419 286 Ilpcypentsnci,
429 224 456 268 et
467 212 604 284 Hiprpyu,
621 223 648 268 et
660 213 849 269 Διδασκαλικᾶ.
869 222 988 272 Estite·

174 291 219 350 qui
231 291 369 338 Historiae
382 289 532 336 naturalis:
553 291 592 334 est
603 284 781 348 Παντοδαπῆς
794 287 934 354 inceptae:
954 295 988 338 est

175 362 313 420 praeterea
327 355 371 414 qui
386 358 516 412 statum,-
536 357 577 401 est
590 354 682 402 itidem
695 355 738 413 qui
749 350 935 419 Hriysapnoo;
955 363 988 405 ert

177 427 222 485 qui
240 419 333 472 Τόπων
347 423 460 481 scripsit.
495 427 521 469 9.
539 422 604 469 Sunt
619 423 681 469 item
694 421 770 468 multi
785 421 829 480 qni
848 427 987 472 coniecta·

177 509 244 547 neu
269 505 353 548 neque
366 491 429 536 item
441 503 495 537 nou
509 492 578 551 sunt,
597 489 760 548 qul⁰indices
778 489 856 536 libris
877 493 937 539 suis
953 495 986 539 ie·

179 563 271 608 cemus
289 560 337 604 aut
354 557 539 618 Epistularum
557 558 698 604 moralium
715 559 761 603 sut
778 556 985 616 Epistolicarum

177 627 355 689 quaestionum
363 626 408 671 aut
414 625 591 686 Confusarum
596 627 644 684 ,net
652 624 778 682 quaedam
790 624 847 670 alia
855 625 982 685 iuscripta

178 692 256 741 nimis
266 692 368 750 lepida,
382 692 529 748 multasque
543 691 853 751 prorsuscsucinuitstes
863 694 983 740 redolen-

178 763 224 808 tia.
261 761 302 806 1⁴0.
321 761 469 818 Nassete,
488 761 517 804 ut
533 761 623 817 captus
637 761 792 815 necterent,
814 759 954 807 incuriose
963 764 983 807 et

179 828 340 875 immeditate
359 840 389 874 ac
406 840 486 886 prope
504 826 582 873 etiam
596 825 741 873 subractioe
756 839 791 872 ex
804 827 866 884 ipso
882 827 947 875 loco
958 841 982 874 ss

179 900 296 956 tempore
308 895 474 942 hibernarum
492 892 643 953 vigiliarum
657 892 760 941 Atticas
774 894 883 941 Noctes
894 895 982 942 inseri-

179 964 291 1024 psimus3
310 964 432 1020 tanquam
444 964 499 1007 tum
514 960 609 1008 ceteris
617 959 738 1007 omnibus
748 960 776 1006 in
786 959 875 1019 ipsius
884 975 983 1020 quoque

181 1029 364 1090 inscriptionis
380 1031 455 1076 laude
466 1027 601 1087 cedentes,
615 1030 737 1085 qnantum
747 1027 876 1074 cessimus
887 1029 918 1075 in
928 1042 981 1075 curs

181 1103 208 1145 et
218 1097 347 1156 elegantia
356 1096 516 1155 scriptionis.
554 1097 593 1141 11.
612 1095 665 1142 Sed
678 1108 710 1140 ne
725 1095 869 1141 consilium
884 1097 980 1154 quiden

180 1166 209 1213 in
221 1163 392 1222 excerpendis
405 1162 578 1220 notandisque
585 1164 665 1209 rebus
674 1161 744 1208 idem
752 1162 828 1223 mihi,
850 1165 922 1220 quod
932 1163 981 1221 ple-

179 1232 267 1289 risque
277 1231 341 1285 illis,
353 1229 412 1276 fuit.
445 1231 561 1286 Namque
571 1228 613 1275 illi
625 1242 722 1284 amnes,
733 1231 862 1275 eteorum
871 1230 980 1277 maxine

182 1298 371 1357 Graeci,multa
380 1299 407 1342 et
415 1295 488 1342 varia
498 1297 656 1351 lectitantes,
664 1296 692 1341 in
703 1309 819 1354 quaeres
829 1310 936 1355 cunque
946 1298 980 1342 is-

180 1366 305 1422 ciderent,
316 1364 383 1421 alba,
393 1365 423 1409 nt
432 1363 614 1425 dicitur,linea
624 1362 682 1408 siue
690 1377 754 1410 cura
762 1363 934 1425 discriminis,
944 1378 981 1410 so·

179 1434 232 1480 lam
241 1430 343 1492 copiam
350 1431 445 1478 sectati
454 1432 654 1477 consternabant:
673 1430 763 1488 quibus
773 1430 801 1477 in
808 1426 932 1490 legendis
942 1445 981 1477 su·

179 1504 207 1546 te
223 1501 323 1546 animus
338 1499 413 1545 senio
428 1511 459 1545 ac
473 1497 561 1544 taedia
576 1497 722 1556 languebit,
741 1510 815 1555 quam
823 1510 909 1544 unum
920 1499 980 1545 alte·

179 1580 268 1614 rumve
277 1566 414 1625 repererit,
425 1565 493 1623 quod
502 1565 537 1612 sit
546 1567 592 1611 aut
601 1565 731 1622 voluptati
739 1565 835 1627 legere,
844 1567 893 1612 aut
903 1564 981 1612 cultui

179 1633 291 1692 legisse,
308 1635 353 1679 ant
362 1633 422 1679 usui
431 1632 588 1690 meminisse,
624 1634 663 1678 12.
683 1632 739 1691 Ego
749 1645 827 1694 vero,
849 1646 909 1680 casn
921 1633 981 1679 illud

179 1700 308 1748 Heracliti
317 1699 433 1760 Ephesii,
445 1700 497 1746 viri
508 1715 604 1747 summe
614 1699 720 1757 nobilis,
734 1701 840 1745 verbum
852 1701 928 1746 cordi
938 1701 981 1746 ha·

178 1771 274 1825 berem,
286 1767 355 1826 quod
364 1769 482 1826 profecto
492 1767 530 1814 ita
544 1771 596 1814 est:
614 1763 780 1828 Helopsdtq
789 1760 854 1810 νόον
864 1760 896 1811 οὗ
909 1762 982 1814 διδά-

179 1849 245 1891 σκει,
264 1836 323 1894 ipse
337 1834 439 1894 quidem
453 1835 591 1882 volvendis
603 1832 819 1891 transeundisque
832 1834 929 1881 multis
942 1835 982 1882 sd·

178 1904 281 1951 modum
294 1901 485 1960 voluminibus,
502 1915 551 1960 per
560 1901 647 1948 amnia
656 1914 755 1959 semper
765 1900 936 1959 negotiorum
945 1903 982 1948 iu·

178 1970 302 2028 ursella,
321 1970 349 2016 ia
359 1969 452 2029 quibus
461 1969 546 2016 furari
556 1969 638 2016 otium
647 1968 735 2027 potui,
753 1966 887 2015 exercitus
897 1970 982 2016 defes-

179 2051 274 2096 susque
286 2050 353 2085 sum:
374 2037 420 2083 scd
432 2036 535 2083 modica
545 2036 631 2096 exiis,
646 2048 725 2093 eaque
735 2034 791 2080 sola
800 2036 901 2094 accepi,
920 2049 982 2095 qnae

178 2109 225 2153 aut
238 2104 345 2165 ingenia
353 2106 455 2164 promta
464 2103 637 2170 expeditaque
647 2104 679 2148 ad
688 2101 813 2148 honestae
823 2103 982 2149 eruditionis

178 2172 326 2231 cupidinem
344 2171 498 2228 utiliumque
516 2166 611 2216 sitium
634 2168 882 2227 contemplationem
901 2170 980 2218 celeri

177 2239 301 2297 incidique
312 2237 463 2297 compendio
475 2239 606 2299 ducerent,
624 2239 668 2284 aut
678 2236 794 2282 homines
806 2236 868 2283 aliis
879 2237 934 2284 iam
944 2238 980 2284 vi-

177 2311 220 2352 tae
229 2306 343 2366 negotiis
354 2306 493 2364 occupatos
506 2317 522 2349 a
530 2304 600 2362 turpi
610 2308 680 2351 certe
690 2303 836 2362 agrestique
844 2316 937 2350 rerum
945 2308 980 2349 at·

178 2385 227 2429 que
240 2374 378 2420 verborum
392 2371 524 2430 imperitia
538 2371 707 2418 vindicarent.
730 2396 732 2401 ·
746 2372 787 2417 13.
810 2370 887 2424 Quae
907 2372 980 2418 emat

178 2440 266 2487 autera
275 2439 302 2483 in
311 2438 353 2485 iris
363 2438 554 2484 commentariis
564 2444 646 2496 pauca
655 2438 779 2497 quaedam
788 2437 948 2494 scrupulosa
955 2440 979 2483 et

178 2502 266 2562 anxia,
273 2505 317 2549 rel
326 2517 362 2551 ex
373 2505 548 2563 grammatice,
555 2505 597 2550 vel
608 2519 641 2552 ex
651 2503 796 2561 dialectiea,
803 2503 846 2550 vel
855 2507 938 2550 etiam
948 2517 979 2552 ex

177 2568 328 2626 geometria,
345 2583 460 2628 quaeque
470 2573 547 2618 erunt
557 2571 618 2617 item
628 2571 739 2629 paucula
746 2571 894 2617 remotiora
905 2582 979 2630 super

178 2633 288 2690 augurio
299 2635 356 2681 iure
366 2639 392 2682 et
402 2637 548 2695 pontificio,
558 2651 611 2685 uon
621 2640 725 2697 opertet
734 2650 767 2684 ea
777 2638 913 2700 defugere,
921 2649 979 2694 qua·
