2067 3034
330 162 517 214 nrrffxrx
551 120 634 216 cer
665 168 692 215 ι.
858 164 913 236 seq

10 311 14 338 ς
110 297 115 303 ·
149 318 153 324 .
237 272 557 364 ’οσονδυνῃ,βᾶθυνον.

10 377 11 388 ι
110 370 115 377 ’
240 348 319 396 Ποίει
328 345 359 395 δέ
365 361 414 410 μοι
423 340 481 395 κατ
494 340 560 396 aivi

112 421 115 426 ’
240 408 316 475 Μήτ’
328 408 497 495 ἄστραμήθ’
501 409 621 477 ἁμάξας,

162 509 164 514 ι
235 476 289 542 Μὴ
304 494 367 545 orry
367 476 541 562 νὸνΩρίωνα,

243 548 281 595 Τί
287 498 443 595 Πλειάὸεσσι
452 542 540 628 κάμοὶ,

246 614 281 663 Τί
288 609 338 663 δ”
325 611 449 698 accpisti
458 609 592 678 Bonitas),-

189 708 192 714 ·
227 680 361 762 ’Ποίησον
371 680 499 764 continue
507 680 566 763 μοὶ

242 741 489 815 Καὶβότρυαςκατ
502 741 577 810 os’tso,

242 813 300 862 Καὶ
306 817 431 881 χρυσέους
440 815 587 872 πατοῦντας

240 874 326 965 Ὁμοῦ
334 882 403 945 καλῷ
412 881 504 963 Λυαίῳ

240 943 343 1015 Ἔρωτα
352 965 396 997 και
386 942 561 998 Βάθυλλον.

107 1020 135 1066 ’1.
153 1019 219 1066 Τιιιιι
228 1017 321 1066 Gracci
331 1018 454 1078 plusculi,
463 1018 507 1077 qui
517 1018 546 1066 in
556 1031 588 1066 eo
598 1017 722 1069 convivio
732 1024 815 1083 eraut,
825 1022 910 1070 homi-

106 1099 155 1135 nes
166 1085 277 1147 amoeni,
285 1087 312 1133 et
320 1089 425 1135 nostras
435 1099 536 1145 quoque
545 1086 636 1134 literas
643 1087 729 1135 haud
722 1090 855 1137 incuriose
866 1093 912 1137 do-

108 1154 159 1216 cti,
183 1153 313 1200 lulianum
330 1152 462 1202 rhetorem
480 1154 611 1201 lacessere
629 1154 803 1214 insectarique
825 1158 910 1204 adorti

107 1221 179 1277 sunt,
192 1224 314 1279 tauquam
323 1234 431 1279 prorsus
442 1223 578 1268 barbarum
588 1223 614 1268 et
624 1224 764 1282 agrestem,
784 1224 828 1282 qui
839 1230 910 1273 ortus

106 1294 180 1339 terra
188 1288 315 1346 Hispania
324 1290 407 1346 foret,
428 1288 604 1345 clamatorque
618 1293 730 1349 tantum,
750 1293 776 1336 et
790 1292 911 1339 facundia

106 1353 199 1403 rabida
208 1354 373 1414 iurgiosaque
385 1357 461 1414 esset,
473 1355 579 1412 eiusque
589 1356 695 1414 linguae
705 1358 910 1405 exercitationes

108 1422 226 1477 doceret,
246 1435 312 1479 quse
326 1421 414 1467 nullas
424 1422 572 1480 voluptates
582 1424 730 1480 nullamque
741 1424 911 1472 mulcedinem

108 1487 220 1535 Veneris
230 1491 308 1547 atque
318 1491 406 1536 Musae
416 1487 535 1535 haberet:
555 1503 681 1547 saepeque
697 1503 755 1535 eum
771 1495 910 1549 perconta-

107 1559 218 1614 bantur,
233 1554 296 1614 qnid
305 1555 337 1603 de
346 1558 522 1615 Anacreonte,
541 1556 684 1613 ceterisque
695 1554 723 1602 id
731 1571 813 1616 genus
823 1559 909 1617 poetis

107 1623 234 1672 sentireti
260 1626 286 1669 et
306 1622 392 1681 ecquis
408 1625 557 1670 nostrorum
576 1625 711 1682 poetarum
729 1627 781 1671 tam
800 1626 909 1672 fluentes

108 1690 249 1738 caminum
267 1689 376 1737 delicias
394 1689 520 1738 iecisset!
554 1691 607 1737 nisi
627 1691 760 1747 Catullus,
779 1691 908 1751 inquiunt,

107 1760 178 1806 forte
187 1760 319 1815 pauca-et
328 1758 423 1806 calvus
433 1756 524 1804 itidem
533 1771 622 1815 pauca.
646 1759 722 1805 *Nam
731 1759 845 1806 Laevius
859 1759 908 1805 im-

105 1825 217 1885 plicata,
236 1825 262 1870 et
270 1825 424 1871 Hortensius
434 1822 571 1870 invenusta
577 1856 586 1881 ,
605 1825 632 1871 et
642 1825 724 1870 Cinna
738 1825 861 1885 illepide,
881 1830 907 1873 et

104 1890 242 1940 Memmius
253 1890 325 1950 durs,
335 1906 366 1939 sc
377 1891 498 1951 deinceps
509 1905 598 1938 omnes
607 1891 684 1938 rudia
694 1892 820 1953 iecerunt,
831 1896 908 1951 atque

105 1961 212 2007 absona.
225 1960 261 2006 -8.
274 1960 340 2005 Tum
349 1960 397 2006 ille
406 1972 453 2018 pro
463 1960 554 2018 lingua
563 1958 656 2019 patria,
667 1961 788 2017 tanquam
797 1972 843 2019 pro
854 1960 907 2006 aris

105 2033 133 2075 et
148 2025 227 2086 locis,
246 2024 332 2072 animo
347 2025 450 2074 irritato
465 2026 688 2085 indignabundus:
721 2027 816 2074 Cedere
834 2027 907 2085 equi-

104 2096 172 2154 dem,
182 2093 274 2155 iuquit,
289 2093 364 2143 robis
375 2095 464 2155 debui,
478 2097 508 2141 ut
517 2094 545 2140 in
554 2094 603 2141 tali
610 2093 694 2139 asotia
705 2096 782 2151 atque
792 2093 908 2151 nequitia

74 2199 80 2202 -
104 2163 209 2210 artium
214 2174 262 2209 nos
277 2161 432 2209 vinceretis:
456 2164 482 2208 et
495 2162 565 2207 sicut
580 2161 607 2206 in
623 2160 801 2218 voluptatibus
821 2161 906 2207 cultus

103 2233 190 2289 etque
187 2229 285 2289 rictus,
299 2230 353 2276 ita'
346 2244 373 2275 m
383 2229 570 2276 cantilenarum
581 2241 680 2287 quoque
692 2227 781 2273 multis
792 2219 906 2275 anteire·

103 2299 148 2345 tis.
185 2300 209 2343 9.
228 2298 393 2353 Sednenos,
412 2296 508 2355 idest,
527 2294 763 2373 nomenLatinum,
784 2299 906 2354 tanquam

102 2365 222 2429 prolecto
241 2366 332 2410 vastos
349 2363 473 2421 quosdam
491 2364 518 2408 et
541 2362 690 2417 insubidos,
718 2354 905 2440 Ιἀναφριιδισίας

101 2431 288 2491 condemnetis,
299 2430 439 2489 permittite
449 2429 520 2485 mihi,
530 2442 635 2488 quaeso,
650 2428 755 2487 operire
766 2429 849 2486 pallio
860 2441 905 2474 ca·

101 2499 162 2556 put,
181 2498 273 2558 quod
265 2512 293 2545 in
307 2497 413 2555 quadam
426 2511 514 2555 parum
530 2496 623 2555 pudica
637 2495 756 2542 oratione
769 2497 905 2543 Socratem

101 2563 196 2610 iecisse
206 2565 292 2613 aiunt.
310 2565 336 2610 et
346 2564 442 2624 audite,
454 2577 483 2612 ac
495 2563 596 2624 discite,
610 2564 715 2611 nostros
725 2576 826 2621 quoque
837 2563 906 2609 snti-

88 2630 207 2687 iquiores
218 2637 277 2679 ante
288 2644 347 2694 eos,
367 2644 432 2690 quos
442 2630 610 2690 nominastis,
629 2632 733 2688 poetas,
751 2629 865 2676 amasios
874 2642 904 2675 ae

102 2696 234 2746 Venereos
246 2699 335 2747 luisse.
371 2700 412 2747 1⁰·
428 2699 494 2748 Tum
502 2697 651 2765 resupinus,
663 2695 746 2757 capite
757 2695 905 2753 conrelstc,
