2067 3034
279 105 360 177 nri.
378 130 490 178 xviri.
514 130 616 177 orn.
635 133 660 176 4.
818 126 871 200 aaa

64 249 228 312 sanguineet
236 251 350 298 medulla
358 248 636 305 Sallustiiverborum3
648 246 870 295 alestunoenrm

66 320 109 366 dic
119 321 291 378 quaerebatur
301 332 336 365 ex
346 331 394 375 me,
401 317 522 374 quidnam
533 318 609 361 rerba
619 314 677 361 eius
684 315 748 361 haec
758 314 785 360 in
794 330 870 374 quar.

65 390 94 433 to
104 387 278 433 Historiarum
293 386 361 432 libro
377 385 408 431 de
420 385 467 429 Cn.
477 383 590 429 Lentulo
604 383 700 440 scripta
714 381 870 444 significent,

65 454 99 499 de
110 468 159 511 quo
170 455 297 501 incertum
307 451 388 499 tuisse
399 451 445 508 ait,
456 451 614 497 stolidiorne
626 451 707 510 esset,
724 463 758 495 an
769 449 868 495 vanior.

64 522 91 565 4,
110 521 200 578 anue
212 520 267 579 ipsa
277 522 370 579 verba,
387 518 427 565 uti
437 520 496 564 sunt
507 532 523 576 a
533 517 660 563 SallustIo
672 517 777 575 scripta,
789 516 869 563 dixit:

63 584 100 633 Ar
111 588 286 634 cahentutuc
292 588 430 645 patriciae
437 588 529 646 gentis,
541 586 643 644 collega
652 587 714 645 cius,
725 586 769 630 cul
776 598 868 643 cogno-

63 661 175 700 mentum
186 655 313 701 Clodiano
318 654 386 716 fuit,
399 656 576 713 perincertum
586 652 708 699 stolidior
718 665 754 697 an
765 653 870 705 vanior,

64 721 146 782 legent
155 723 185 768 de
192 724 315 781 pecunia,
325 734 403 781 quam
415 721 492 767 Sulla
502 721 641 766 emtoribus
654 720 777 765 bonorum
787 721 867 765 remi·

63 795 147 844 serat,
158 790 286 849 exigendo
292 789 479 849 promulgavit.
515 791 539 832 5.
559 786 711 840 Quaesitum
720 798 783 844 ergo
793 799 826 831 ex
838 800 867 833 se

63 855 242 914 apollinaris,
261 869 343 913 neque
356 855 383 900 id
398 869 425 900 se
440 854 586 901 dissolvere
603 854 718 912 potuisse
732 866 866 900 assevera-

62 925 116 981 bat,
132 923 197 980 quid
207 925 275 969 esset
284 924 388 979 vanior,
402 925 431 968 et
440 921 503 980 quid
511 918 651 968 stolidior?
676 920 865 977 quoniamSal·

61 988 162 1035 Iustius
180 988 218 1035 sic
242 1003 274 1036 ea
296 1002 445 1047 separasse,
474 991 550 1045 atque
571 988 724 1046 opposuisse
748 986 817 1033 inter
836 1001 864 1034 se

62 1056 209 1117 rideretur,
229 1058 351 1114 tanquam
366 1056 506 1103 dirersaac
522 1055 673 1116 dissimilia,
693 1068 741 1104 nec
750 1054 865 1102 eiusdem

61 1126 173 1182 utraque
182 1124 242 1170 vitii
253 1126 353 1171 lorent:
368 1137 398 1170 ac
407 1127 546 1182 propterea
554 1123 665 1184 petebat,
673 1122 712 1169 uti
722 1134 750 1167 se
760 1121 866 1167 doceret

62 1190 266 1249 significationes
275 1191 411 1249 utriusque
421 1192 494 1238 vocis
504 1192 532 1236 et
540 1190 665 1249 origines.
701 1194 725 1236 6.
744 1189 807 1234 Tum
817 1188 865 1236 ille

61 1257 131 1304 rictu
143 1258 199 1304 oris
208 1259 390 1316 laicorumque
401 1260 477 1304 ductu
488 1257 618 1304 contemni
628 1270 643 1303 a
652 1271 680 1304 se
690 1256 829 1306 ostendens
839 1259 866 1302 et

61 1337 126 1382 rens,
144 1324 175 1370 de
186 1338 235 1381 qua
244 1328 420 1382 quaereretur,
428 1329 454 1371 et
463 1326 592 1371 hominem
602 1326 692 1383 ipsum,
704 1323 748 1382 qui
759 1337 864 1381 quaere-

61 1395 115 1437 ret:
135 1390 290 1446 Priscorum,
302 1391 394 1448 inquit,
403 1394 429 1436 et
439 1395 597 1438 remotorum
605 1405 654 1450 ego
664 1394 801 1438 verborum
810 1404 864 1436 me·

63 1457 151 1503 duliae
161 1461 187 1505 et
197 1459 357 1516 sanguinem,
364 1458 441 1504 sicuti
452 1458 517 1512 dixi,
524 1457 670 1516 perspicere
680 1461 706 1504 et
716 1457 810 1504 elicere
821 1470 865 1503 so-

63 1525 108 1571 leo
116 1538 123 1582 ς
131 1538 184 1571 non
192 1525 307 1585 istorum,
313 1539 378 1585 quae
387 1526 537 1583 proculcata
548 1526 626 1583 vulgo
637 1528 663 1572 et
672 1524 784 1584 protrita
793 1529 864 1572 suut.

61 1594 125 1651 Ipso
140 1591 190 1639 illo
200 1591 292 1651 quippe
304 1594 349 1638 Gn.
360 1594 472 1639 Lentulo
483 1592 606 1640 stolidior
616 1594 655 1639 est
664 1597 690 1639 et
699 1591 806 1652 vanior,
820 1591 864 1650 qui

61 1658 170 1718 ignoret
185 1660 301 1707 eiusdem
316 1660 444 1707 stultitiae
459 1674 516 1707 esse
535 1660 678 1708 vanitatem
696 1659 864 1707 etstolidita-

60 1730 122 1772 tem.
158 1729 182 1773 l.
200 1727 250 1773 Sed
261 1726 304 1772 ubi
321 1727 371 1774 hoc
382 1727 464 1785 dixit,
482 1728 567 1774 media
577 1729 635 1787 ipsa
645 1726 865 1775 sermonumreli-

61 1793 133 1854 quit,
152 1795 180 1850 et
192 1794 264 1841 abire
279 1794 373 1853 coepit.
407 1797 433 1841 8.
451 1797 505 1841 Nos
520 1795 612 1858 deinde
630 1810 688 1842 eum
705 1797 864 1853 tenebamus,

60 1863 274 1921 urgebamurque,
285 1864 310 1907 et
321 1862 468 1920 cumprimis
478 1862 655 1922 Apollinaris,
673 1865 703 1909 ut
712 1862 743 1909 de
753 1862 864 1908 vocabu·

60 1927 149 1975 lorum
159 1929 267 1980 istorum
277 1929 320 1975 rel
332 1929 484 1989 differentia,
501 1931 552 1990 rel,
563 1931 586 1976 si
597 1930 621 1975 ei
631 1930 668 1976 ita
677 1929 817 1988 videretur,
827 1927 865 1974 si-

61 1994 210 2043 militudine
221 1996 324 2055 plenius
334 1998 500 2055 apertiusque
510 1997 663 2056 dissereret;
683 1999 718 2058 et,
732 1999 761 2043 ut
770 2008 802 2041 ne
815 1994 865 2042 sihi

61 2062 201 2122 invideret,
215 2065 313 2111 discere
325 2064 481 2120 volentibus,
496 2068 596 2111 orabat.
632 2069 655 2112 9.
672 2065 756 2123 Atque
767 2062 822 2122 ille,
836 2075 864 2108 se

61 2129 114 2176 lam
128 2131 205 2189 plane
218 2130 297 2177 illudi
310 2133 398 2191 ratus,
417 2132 551 2191 negotium
560 2133 611 2180 sibi
621 2145 677 2179 esse
688 2132 819 2185 causatur,
838 2131 865 2190 et

62 2196 214 2255 digreditur.
250 2200 291 2244 la.
308 2199 364 2243 Nos
379 2202 464 2245 autem
476 2203 567 2259 postea
587 2215 621 2247 ex
635 2197 783 2257 Apollinari
798 2196 865 2246 didi·

62 2263 160 2324 cimus,
175 2278 256 2313 aanor
267 2265 373 2323 proprie
383 2264 447 2323 diei,
460 2281 514 2314 uon
525 2271 553 2313 ut
564 2268 656 2326 vulgus
669 2266 778 2326 diceret,
795 2265 863 2312 desi-

61 2329 173 2392 pientes,
185 2337 229 2379 aut
238 2333 351 2391 hebetes,
362 2335 407 2379 aut
417 2333 528 2392 ineptos,
540 2336 593 2395 sed,
604 2338 632 2380 ut
642 2337 756 2380 veterum
766 2332 864 2379 doetis-

61 2397 121 2448 simi
130 2399 273 2459 dixissent,
288 2400 438 2461 mendaces,
453 2401 594 2463 celnodus,
609 2404 634 2448 et
643 2401 713 2448 levia
722 2400 862 2458 inaniaque

55 2478 109 2522 ,pro
119 2466 241 2523 maribus
251 2468 277 2513 et
287 2466 356 2513 veris
371 2468 529 2514 astutissime
540 2472 734 2528 componentes:
753 2467 864 2516 stolidos

61 2536 146 2578 autem
157 2534 245 2581 vocari
255 2547 308 2580 nou
315 2538 372 2581 tam
382 2536 477 2582 stultos
487 2538 514 2581 et
524 2537 662 2593 excordes,
682 2550 756 2594 quam
769 2538 862 2594 tetros,

61 2599 89 2644 et
102 2600 241 2661 molestos,
261 2604 287 2649 et
300 2602 438 2661 illepidos,
458 2617 522 2663 quos
539 2604 630 2650 Graeci
644 2595 800 2666 μοχθηρούς
818 2601 863 2649 καὶ

60 2662 198 2732 φορτικοὺς
209 2668 331 2720 dicerent.
360 2671 401 2718 11.
414 2671 507 2733 Etyma
516 2684 617 2730 quoque
626 2671 717 2720 harum
726 2684 825 2732 vocum,
836 2672 864 2722 et
