2067 3034
339 147 409 193 nni.
427 148 494 210 xrs
529 149 609 196 cnr.
627 152 653 197 2.
846 148 898 210 zos
987 169 989 172 v

93 264 249 325 composuit,
269 263 427 311 deridiculos
444 277 535 312 versus
549 268 581 323 Q.
596 265 710 313 Ennium
727 267 758 314 de
773 268 897 333 Cethego,

92 333 198 390 antiquo
210 332 277 391 viro,
288 332 381 378 iecisse
390 333 437 379 hos
449 333 525 379 dicit:

124 424 159 436 -
169 402 262 447 Dictus
273 401 332 446 ollis
339 401 514 460 popularibus
525 402 586 447 olim

129 468 183 525 Qui
190 473 244 513 tum
252 468 375 514 vivebant
382 468 496 515 hanzines
505 473 587 529 atque
596 483 687 516 aevum
697 471 846 530 agitabant,

126 533 189 581 Flos
199 534 328 582 delibatus
334 537 436 597 populi,
444 536 595 596 suadaeque
605 537 727 584 medulla.

94 603 119 647 4.
137 602 174 648 Ac
188 601 281 648 deinde
292 602 382 649 scribit
391 604 422 649 de
432 603 526 649 iisdem
536 604 653 650 versibus
665 607 743 650 verbs
751 604 829 651 haee:
846 604 899 651 An-

94 670 404 730 miroreloquentissimos
414 674 486 717 viros
495 677 522 716 et
531 671 630 718 deditos
639 671 724 717 Ennio
731 686 784 731 pro
794 675 898 731 optimis

93 737 207 783 ridicula
217 737 348 785 laridasse.
385 741 473 785 Cicero
486 746 557 785 certe
572 741 641 785 inter
655 739 732 786 bonos
742 741 797 785 eius
808 753 899 786 versus

43 831 47 838 x
91 802 175 850 etlsos
185 804 279 867 refert.
305 808 329 850 5.
344 806 427 865 Atque
436 805 464 851 id
475 804 554 851 etism
564 806 595 851 de
606 804 733 851 Cicerone
744 805 820 852 dicit:
841 808 898 853 Non

94 873 186 931 miror,
197 870 290 931 inquit,
298 873 398 934 fuisse,
413 874 459 934 qni
466 872 513 920 ios
523 886 614 920 nereus
623 874 759 929 scriberet,
774 874 898 936 curiosae·

94 941 139 1000 rit,
157 941 202 998 qui
211 940 350 987 laudaret:
367 942 499 1004 nisisorle
510 944 602 987 Cicero
613 954 723 987 samnius
733 948 897 1002 orator-age·

94 1007 142 1053 bet
156 1019 264 1053 cansam
279 1020 368 1067 suom,
388 1015 415 1055 et
427 1008 535 1054 volebat
545 1007 592 1055 ios
607 1021 697 1054 versas
711 1009 796 1054 videri
810 1008 897 1057 bonos.

94 1074 119 1119 s.
137 1073 234 1119 Postea
247 1074 296 1137 boc
310 1074 387 1121 etism
402 1074 502 1121 addidit
515 1073 700 1122 insulsissime:
724 1073 802 1134 Apud
813 1076 898 1134 ipsum

94 1154 205 1202 quoque,
221 1140 318 1202 inquit,
336 1144 484 1189 Ciceronem
492 1145 605 1190 invenies
614 1144 694 1189 etiarn
704 1144 823 1202 inprosa
835 1156 898 1190 ora·

94 1210 163 1254 tione
173 1208 309 1268 quaedam,
324 1224 358 1256 en
368 1211 459 1271 quibus
469 1211 601 1270 intelligas
610 1212 683 1256 illum
694 1224 744 1255 non
750 1209 897 1269 perdidisse

94 1289 212 1335 operam,
224 1278 293 1338 quod
302 1273 414 1324 Ennium
424 1278 494 1339 legit.
518 1281 542 1323 'l.
553 1278 632 1324 Ponit
641 1277 743 1334 deinde,
754 1290 819 1334 quse
830 1277 898 1335 opud

94 1342 245 1390 Ciceronem
254 1343 427 1402 reprehendit,
436 1344 651 1402 qussi.Ennisnn;
661 1344 731 1402 quod
740 1344 777 1390 its
786 1343 898 1402 scripse-

93 1409 129 1458 rit
138 1410 167 1457 in
176 1410 251 1457 libris
260 1411 299 1456 De
309 1411 463 1470 Republica:
482 1413 519 1460 Ut
527 1413 649 1466 Menelao
660 1413 759 1458 laconi
767 1414 896 1472 quaedam

87 1478 146 1542 fnit
156 1479 339 1539 suaviloquens
351 1481 514 1540 iucunditas,·
531 1482 558 1526 et
567 1479 633 1537 quod
646 1479 699 1525 olio
711 1478 740 1524 in
749 1479 808 1525 loco
821 1478 897 1527 dixe·

93 1545 140 1593 rit:
160 1547 387 1606 breviloquentiam
398 1549 425 1593 in
435 1549 541 1595 dicendo
551 1548 633 1595 eolat.
668 1552 693 1592 8.
711 1548 796 1606 Atque
804 1545 841 1591 ibi
851 1560 897 1592 nu·

93 1614 170 1673 pstor
179 1613 255 1659 homo
267 1613 399 1661 Ciceronis
414 1628 516 1662 errores
526 1613 692 1673 deprecatum
710 1617 748 1661 et:
768 1614 896 1677 Nonfnit,

92 1680 185 1740 inquit,
197 1683 328 1728 Ciceronis
337 1681 385 1728 doc
395 1684 492 1742 sitium,
504 1682 550 1729 sed
558 1684 680 1741 temporis
686 1700 697 1737 ;
717 1695 820 1728 necesse
836 1688 898 1728 erat
969 1695 975 1708 ¹

64 1766 68 1770 ·
91 1749 159 1796 baec
169 1749 226 1809 diei,
237 1764 293 1795 oum
302 1749 351 1795 illa
361 1749 519 1809 legerentur.
555 1752 580 1795 9.
597 1748 698 1796 Deinde
709 1748 842 1808 adscribit,
853 1748 897 1793 Ci-

92 1830 214 1865 seronem
231 1816 294 1864 haec
312 1815 370 1876 ipss
384 1815 573 1875 interposuisse
593 1817 626 1863 sd
642 1817 816 1875 effugiendam
829 1815 896 1862 infe-

90 1884 169 1931 rniem
183 1883 260 1929 nimis
277 1883 392 1930 lascivae
407 1883 534 1930 orationis
549 1886 575 1931 et
584 1883 692 1930 nitidae.
728 1886 767 1930 ld.
787 1883 826 1928 De
839 1882 897 1928 Vir·

90 1952 158 2012 gilio
170 1964 271 2010 quoqne
287 1952 376 1998 ecdem
386 1951 418 1996 in
428 1952 488 1998 loco
498 1953 578 1998 verbs
586 1952 650 1997 boec
660 1949 746 2009 ponit:
770 1951 896 2009 Virgilius

88 2034 189 2081 quoque
202 2026 290 2065 noster
304 2033 355 2065 non
369 2033 403 2066 en
420 2021 477 2066 alia
488 2031 570 2065 eausa
581 2018 660 2066 duros
670 2017 794 2079 quosdam
805 2030 896 2064 nereus

88 2094 115 2134 et
130 2099 245 2133 enormes
261 2092 287 2132 et
300 2087 403 2147 aliquid
416 2099 499 2145 supra
509 2100 656 2133 mensuram
667 2085 803 2132 tradentes
813 2086 896 2131 inter-

88 2156 190 2214 posuit,
210 2169 288 2215 qnam
303 2160 332 2200 ut
342 2154 478 2202 Ennianus
490 2155 605 2213 populus
618 2158 770 2214 agnosceret
785 2155 812 2198 in
829 2166 895 2198 noan

88 2224 206 2269 carmine
224 2223 391 2282 antiquitatis
412 2221 522 2282 aliquid.
558 2222 598 2266 li.
617 2222 667 2268 Sed
687 2220 739 2265 inm
758 2221 897 2272 verborum

88 2290 204 2335 Senecae
215 2288 295 2347 piget.
331 2290 402 2336 Haec
412 2293 498 2335 temen
507 2288 590 2347 inepti
600 2291 626 2334 et
636 2286 751 2334 insubidi
763 2282 801 2349 [et
810 2286 896 2333 insui·

88 2351 127 2419 si}
139 2356 252 2402 hominis
269 2356 327 2402 ioco
340 2370 395 2403 non
409 2356 568 2414 praeteribo:
588 2357 700 2413 Quidam
714 2360 781 2414 sunt,
801 2353 895 2412 inquit,

87 2431 145 2471 tane
158 2426 249 2484 triagni
260 2437 349 2471 sensus
365 2425 397 2482 Q.
409 2423 502 2479 Ennii,
521 2429 562 2483 ut,
582 2425 645 2469 licet
657 2423 752 2481 scripti
764 2424 819 2467 sint
827 2425 896 2468 inter

86 2492 220 2552 inmotos,
241 2492 344 2551 possint
353 2498 439 2538 tamen
448 2494 518 2537 inter
527 2497 701 2552 unguentatos
707 2490 827 2548 placere.
862 2488 898 2533 Et

87 2573 146 2606 cum
161 2558 371 2617 reprehendisset
387 2571 492 2618 versus,
512 2572 576 2616 quos
591 2572 669 2616 supro
682 2557 713 2603 de
724 2557 836 2615 Cethego
847 2567 897 2612 po·

87 2628 202 2672 suimus:
221 2627 271 2684 Qui
282 2625 462 2682 huiuscemodi,
479 2625 573 2684 inquit,
589 2640 679 2675 versus
692 2631 796 2685 amant,
817 2623 897 2668 liceat

87 2694 143 2744 sibi
149 2693 251 2744 eosdem
261 2694 393 2743 admirari
400 2701 428 2742 et
438 2694 553 2744 Soterici
562 2695 651 2743 lectos.
671 2695 711 2741 12.
721 2691 823 2750 Dignus
833 2699 897 2735 sene
