2067 3034
315 169 395 216 ΜΒ.
414 169 494 218 xrv.
531 169 620 216 cru.
638 172 663 216 4.
842 165 894 232 est

91 290 162 340 dium
181 287 209 335 et
227 285 350 334 voluutas
369 287 449 335 abest.
468 286 582 347 speciem
603 288 690 333 temen
706 287 894 336 aemulationis

91 359 171 407 creat.
195 359 219 402 9
229 357 296 401 Nam
305 368 361 400 curo
371 354 476 414 ingenia
484 355 709 413 quaedammagua
718 351 826 401 duorum
836 355 896 413 pln-

91 426 208 483 riumve‚
228 422 256 468 in
267 422 382 468 eiusdem
391 436 431 468 rer
423 422 527 468 studio
538 421 694 478 illustrium,
715 426 759 468 out
769 424 826 481 pari
836 426 898 469 sunt

92 495 171 552 tama,
182 493 227 536 aut
231 488 365 547 proxima,
373 489 463 535 oritur
473 489 541 547 apud
551 488 668 535 diversos
679 491 796 535 fautores
805 503 897 535 eorum

94 557 240 607 industriae
255 555 389 612 laudisque
406 556 582 603 aestimandae
593 556 735 602 contentio.
772 559 813 602 lo.
832 558 898 602 'l'um

93 628 187 688 posteo
199 637 235 671 ex
248 623 334 669 alieno
349 624 491 669 certamine
507 624 538 668 ad
553 636 599 668 eos
610 637 712 680 quoque
726 624 797 683 ipsos
808 626 898 670 conta·

94 693 168 754 gium
184 689 336 737 certationis
350 689 458 749 aspiret,
478 702 620 747 cursusque
635 704 726 736 eorum
740 691 773 737 ad
790 691 898 737 eundem

94 758 204 808 virtutis
218 758 315 803 calcem
324 758 500 817 pergentium,
514 757 616 814 quondo
627 760 667 803 est
677 771 781 816 comper
790 757 833 803 vel
844 771 898 803 sm·

96 827 198 885 oiguus,
207 826 235 871 in
244 823 391 871 aemulandi
400 824 563 882 suspiciones
573 836 625 870 non
636 825 691 880 suo,
699 826 745 871 sed
755 824 899 870 foventium

96 893 186 941 studio
206 891 343 939 delabitur.
380 892 420 937 ΙΙ.
438 891 551 937 Proinde
571 890 651 948 igitur
669 894 696 937 et
709 892 856 949 Xenophon
871 893 899 937 et

94 961 182 1016 Plato,
192 958 340 1007 Socraticae
351 958 517 1004 amoenitatis
528 958 578 1003 duo
589 957 695 1016 lomina,
702 960 801 1004 certare
811 969 899 1004 aemn-

94 1028 196 1086 larique
207 1026 277 1072 inter
286 1038 343 1071 sese
353 1024 497 1071 existimati
507 1028 580 1081 sunt3
590 1024 650 1081 quia
661 1026 691 1071 de
701 1025 735 1071 iis
744 1025 898 1083 apodatios,

95 1097 157 1140 uter
167 1096 237 1140 esset
247 1092 459 1151 exsuperantiam
475 1093 632 1148 certabatur3
653 1094 678 1137 et
690 1092 750 1149 qnia
760 1093 825 1138 duae
835 1092 899 1137 emi-

95 1159 214 1217 nentiae,
232 1174 288 1205 cum
299 1160 376 1206 simul
386 1159 489 1206 iunctae
498 1159 527 1204 in
537 1157 641 1204 arduum
651 1158 777 1216 nituntur,
791 1158 899 1205 simula·

98 1241 170 1276 crum
178 1226 306 1287 quoddam
314 1226 489 1273 contentionis
498 1226 616 1273 aemulae
626 1225 739 1285 pariunt.

128 1425 194 1476 Quod
202 1431 258 1481 apte
265 1356 559 1493 ChrysipqtiusAetEralthige
568 1356 692 1482 frigeam
700 1425 808 1470 liuticios
818 1427 898 1468 modu·

156 1482 186 1527 lis
197 1481 351 1539 coloribusque
359 1482 478 1524 cuborum
487 1481 599 1537 depinxit

131 1558 157 1605 1.
179 1558 312 1637 condigne
325 1557 473 1605 mehercule
490 1560 517 1605 et
534 1558 679 1605 condecore
695 1557 879 1617 Chrysippus
871 1572 900 1604 m

95 1625 232 1677 librorum.
244 1640 287 1683 qur
279 1625 473 1671 inscribuntur
478 1624 546 1687 Περι
555 1623 635 1671 καλοῦ
644 1643 686 1672 και
678 1621 797 1689 ἡδονῆς,
806 1625 899 1685 primo,

96 1706 129 1739 os
143 1694 169 1741 et
184 1693 275 1739 oculos
291 1691 406 1739 iustitiae
421 1693 642 1752 vultumqueeius
657 1694 757 1741 severis
767 1697 844 1749 atque
854 1705 900 1738 ue-

95 1760 219 1808 nerandis
229 1763 364 1814 uerborum
374 1759 508 1806 coloribus
519 1760 647 1818 depinxit.
679 1765 702 1807 2.
719 1759 794 1805 Fecit
803 1759 898 1816 quippe

96 1825 237 1885 imaginem
247 1826 375 1883 Iustitiae,
393 1826 499 1883 fierique
509 1827 615 1872 solitum
625 1842 682 1875 esse
692 1827 755 1873 dicit
765 1839 780 1872 u
789 1826 900 1884 pictori-

97 1896 148 1942 bus
163 1893 363 1950 rhetoribusque
373 1893 563 1950 antiquioribus
573 1894 606 1939 ad
615 1895 682 1941 bunc
691 1897 771 1941 ferme
780 1892 899 1940 modum':

96 1961 197 2010 Forma
207 1957 341 2022 atquefilo
351 1961 475 2020 virgsbnls'
480 1993 488 2018 ,
502 1966 611 2020 aspectu
619 1962 762 2009 vehementi
769 1959 900 2020 etforsss‘-

95 2029 195 2085 «labili,
214 2028 351 2074 luminibus
364 2028 497 2073 oculorum
512 2029 636 2089 acribss3
652 2042 734 2089 neque
742 2027 845 2073 hussitis
852 2037 900 2072 se·
989 2025 998 2046 ’

96 2110 146 2157 que
156 2098 266 2153 atrocis,
281 2096 326 2142 sed
334 2095 492 2141 reverendae
501 2096 636 2142 cuiusdam
646 2098 773 2142 tristitiae
783 2095 898 2154 dignitu-

98 2169 133 2211 τι.
169 2165 193 2208 3.
211 2164 255 2209 Ex
269 2160 388 2219 imaginis
402 2164 487 2207 autem
496 2161 575 2208 iatius
585 2163 774 2221 significatione
783 2160 897 2219 intelligi

95 2230 192 2289 uoluit,
206 2228 326 2282 iudicem,
339 2228 382 2285 qni
392 2228 511 2275 lustitise
522 2230 631 2276 antistes
641 2233 693 2290 ortt
708 2232 829 2288 oportere
840 2241 898 2274 esse

96 2310 212 2356 gravem,
223 2299 349 2351 sonetum,
359 2308 486 2353 severum,
496 2295 687 2356 incorruptum,
703 2295 898 2353 inadulabilem,

97 2365 240 2422 contraque
253 2362 385 2420 improbos
399 2364 574 2419 nocentesque
585 2363 814 2410 immisericordem
822 2364 898 2419 atque

97 2430 298 2490 inexorabilem,
314 2432 477 2487 erectumque
487 2432 514 2475 et
523 2430 631 2476 arduum
641 2432 819 2489 impotentem,
834 2429 862 2475 vi
872 2431 899 2474 et

97 2497 237 2546 maiestate
252 2496 389 2554 aequitatis
404 2495 574 2553 veritatisque
589 2497 736 2560 terribeum.
771 2500 795 2543 4.
812 2498 899 2543 Verbs

97 2566 156 2625 ipss
166 2564 300 2624 Chrysippi
311 2564 342 2610 de
353 2564 458 2609 lustitia
467 2564 564 2621 scripte
574 2565 638 2611 baec
652 2567 724 2611 snut:
753 2561 899 2646 Παρθένος

97 2629 168 2678 dl
144 2646 209 2677 susac
222 2631 324 2692 λέγεται
338 2624 403 2677 κατὰ
421 2645 443 2677 ur
443 2625 553 2691 ’μβολον
566 2630 616 2678 τοῦ
636 2626 805 2696 udsdoilopo'q
824 2628 897 2685 εἶναι,

96 2713 141 2745 sas
133 2694 279 2762 μηδαμῶς
289 2691 416 2745 ἐνδιδόναι
423 2701 478 2751 τοῖς
488 2713 649 2766 uanoupyocs,
658 2696 727 2764 μηδὲ
736 2696 895 2764 repentendos
