2067 3034
320 125 389 172 lilii.
408 123 458 172 lX.
493 124 583 172 CAP.
603 125 652 173 la·
833 122 884 176 2⁰7

79 259 135 308 eum
151 243 379 300 diaes-etwinus,
399 255 453 289 non
469 242 537 299 qrsod
552 242 697 300 accepisset
711 242 818 304 Ulixes,
837 245 885 292 sed

13 363 16 372 Α
79 313 145 373 quod
155 313 282 358 dedisset.
319 313 357 356 18.
376 310 483 356 Nescius
498 322 601 367 quoque
616 309 711 355 dicitur
721 313 773 356 tam
783 311 819 367 is,
838 312 885 369 qui

78 380 203 440 uescitur,
215 392 291 436 quam
301 376 345 435 qui
355 376 446 422 nescit.
480 378 520 422 19.
536 377 589 422 Sed
598 389 675 435 super
686 391 727 433 eo,
737 377 781 435 qui
789 379 882 434 nescit,

80 449 202 506 frequens
216 445 293 492 huius
311 444 432 490 vocabuli
447 456 508 490 usus
525 446 575 489 est:
594 444 746 502 infrequens
756 446 841 491 antem
851 446 882 491 de

78 527 109 563 eo
120 516 169 573 est,
187 513 256 570 quod
266 509 390 557 nescitur.
425 512 468 558 2⁰.
490 512 603 571 Ignarus
618 524 698 570 aeque
713 513 882 567 utroquever-

78 579 253 633 somniatur,
271 591 324 622 non
334 581 432 623 tantum
443 577 486 635 qui
497 578 613 639 ignorat,
629 578 712 626 sedet
721 577 765 636 qui
775 577 882 637 ignora·

78 650 126 694 tur.
161 648 203 693 21.
221 646 327 691 Plautus
337 644 365 690 in
374 644 502 692 Rudente:

111 715 187 772 Quae
195 716 223 760 ia
233 713 298 759 locis
308 714 401 760 nesciis
410 713 499 757 nescia
508 725 556 771 ape
565 725 660 759 sumas.

76 782 118 827 22.
136 780 295 827 Sallustius:
316 779 392 826 More
406 781 535 825 haitanane
549 781 677 839 cupidinis
685 781 782 841 ignara
792 781 878 829 visua·

76 848 112 896 di.
145 846 292 906 Virgilius:

108 911 701 975 -IgsaruusLaorenshabetoraMineaata.

318 1015 510 1096 'ciuus
545 1041 633 1095 xru

107 1126 184 1176 Verba
197 1141 226 1171 ea·
240 1125 340 1171 historia
351 1126 442 1172 Claudii
456 1127 617 1182 Quadrigarii,
636 1127 810 1195 qnihuslllanii'i
821 1126 879 1170 Tor

94 1182 206 1240 picati,
215 1183 300 1227 nedelis
310 1183 465 1235 adolescentis,
476 1190 499 1228 et
508 1183 579 1228 hostis
591 1183 658 1228 Galli
662 1183 827 1241 provocatoria
833 1197 881 1242 pu·

129 1253 202 1295 gnam
212 1238 323 1295 depinxit
512 1267 524 1294 g
888 1299 890 1302 ι

111 1317 135 1362 1.
154 1317 182 1362 Τ
197 1316 314 1362 Manlius
328 1329 425 1364 summo
439 1318 499 1365 loco
514 1319 590 1365 natus
605 1317 768 1377 apprimeque
782 1315 881 1364 nobilia

76 1382 137 1430 fuit.
165 1387 189 1429 2.
201 1383 237 1429 Εἰ
245 1384 347 1431 Manlio
358 1388 554 1444 cognomentum
566 1387 710 1433 factumest
722 1388 880 1447 Tarquitius.

75 1452 101 1499 3.
121 1451 231 1497 Causam
240 1453 404 1509 cognomenti
416 1452 497 1499 luisse
507 1453 651 1510 accepimus
661 1453 762 1510 torquis
772 1465 807 1500 ex
817 1464 881 1498 auro

74 1517 209 1575 induvias,
219 1531 294 1575 quam
304 1532 338 1566 ex
348 1518 432 1576 hoste,
447 1534 522 1577 quem
532 1520 673 1581 occiderat,
690 1521 829 1567 detractam
838 1519 881 1565 in-

74 1584 142 1632 duit.
155 1625 158 1629 ⁴
177 1587 209 1633 4.,
222 1584 274 1631 Sed
284 1586 341 1642 quis
351 1586 443 1643 hostis,
454 1591 480 1634 et
490 1588 558 1645 quod
568 1600 659 1647 genus,
670 1591 696 1634 et
704 1600 778 1645 quam
790 1586 876 1634 formi·

74 1651 180 1700 dandae
196 1652 341 1713 vastitatis,
361 1656 387 1699 et
400 1657 522 1713 quantum
535 1654 652 1700 insolens
666 1658 835 1713 provocator,
854 1655 882 1700 ct

73 1719 224 1776 cuiusmodi
239 1720 319 1767 fuerit
332 1734 417 1780 pugna
427 1721 600 1781 decertatum,
621 1723 651 1775 Q.
663 1722 786 1768 Claudius
796 1719 881 1778 primo

72 1786 219 1842 Annalium
228 1786 367 1846 purissime
380 1792 457 1846 atque
471 1788 662 1848 illustrissime,
682 1787 843 1847 simplicique
854 1787 882 1833 et

73 1854 191 1902 incomta
201 1853 328 1901 orationis
339 1854 460 1914 antiquae
469 1856 595 1903 suavitate
604 1855 749 1915 descripsit.
769 1858 791 1902 5.
798 1855 883 1907 Quem

73 1922 162 1969 locum
178 1935 212 1968 ex
228 1935 259 1968 eo
272 1922 341 1968 libro
356 1922 501 1969 Favorinus
515 1923 684 1981 philosophus
699 1937 755 1971 aum
771 1922 881 1980 legeret,

73 2002 130 2035 non
139 1988 283 2036 minoribus
294 1988 364 2046 quati
375 1989 490 2047 efficique
499 1990 611 2036 animum
621 2004 694 2036 suum
701 1989 813 2036 motibus
822 1987 882 2046 pul-

73 2055 202 2115 sibusque
216 2055 330 2116 dicebat,
351 2070 426 2115 quam
441 2058 464 2102 si
477 2057 534 2115 ipse
549 2071 634 2104 curam
649 2057 823 2116 depugnantes
834 2065 901 2130 eos⁸

73 2125 215 2182 spectaret.
250 2125 273 2168 o.
292 2123 379 2180 Verba
394 2125 424 2177 u.
439 2123 557 2184 Claudii,
577 2125 670 2181 quibus
679 2137 765 2183 pugna
774 2122 826 2169 ista
836 2121 881 2167 de-

72 2190 148 2250 picta
158 2192 208 2247 est,
223 2188 363 2249 adscripsi:
390 2193 415 2236 i.
432 2194 494 2237 Cum
504 2193 607 2238 interim
618 2192 710 2238 Gallus
719 2190 823 2253 qnidam
832 2203 881 2235 nu-

72 2258 122 2305 dus
129 2262 245 2318 praeter
253 2264 386 2304 ructantes
393 2258 495 2320 giads'os
504 2259 567 2306 duos
577 2266 669 2320 torque
679 2265 758 2320 atqua
767 2256 882 2304 armillis

72 2326 217 2373 decoratus
223 2327 373 2384 processit:
391 2327 594 2386 peticionibus,
614 2333 640 2373 et
650 2325 837 2387 magnitudine,
854 2327 883 2369 et

71 2393 263 2454 adolescentia,
274 2393 398 2454 aasquue
406 2395 504 2440 virtute
514 2395 609 2441 ceteris
620 2396 777 2441 antistabat
804 2393 827 2436 8.
846 2390 882 2448 la,

71 2463 192 2508 moaime
199 2461 304 2519 proelio
314 2466 436 2507 camareto
442 2491 452 2515 ‚
472 2467 551 2519 atque
562 2463 678 2522 atriaque
692 2473 787 2508 summo
796 2457 884 2507 studio

69 2528 265 2589 pugnantibus,
285 2541 371 2575 manu
377 2523 530 2597 significare
544 2531 639 2589 coepit,
659 2529 762 2588 utrique
772 2532 801 2573 at
810 2526 882 2586 quie-

72 2598 316 2655 scerentpagnarae.
346 2587 486 2656 arugaae
494 2593 579 2655 facta
594 2602 742 2653 pauraeat.
769 2594 808 2639 lo.
823 2590 892 2636 liuc-⁸

73 2664 189 2725 θεωρία,
201 2661 397 2726 είῐεηείοίαιω,
417 2675 474 2709 cum
482 2674 545 2710 voce
553 2661 844 2716 morimundensi,
858 2655 884 2703 si
