2067 3034
112 132 164 185 244
364 132 472 181 AUIal
507 131 669 178 aurun

99 257 207 312 ‘parvas
217 249 319 311 quidem
328 250 502 311 minutasque,
523 252 549 297 et
558 249 705 298 hominibus
716 264 771 298 non
779 253 846 298 bene
858 265 922 298 eru-

114 321 176 367 ditis
191 320 380 378 aspernabiles,
400 320 444 365 sed
463 319 496 364 ad
509 322 625 365 veterum
640 318 738 377 scripta
753 319 856 378 penitus
870 333 922 365 no-

114 389 210 435 scenda
223 390 249 433 et
264 386 296 432 ad
307 386 441 433 seientiam
454 385 560 445 linguae
575 386 685 432 Latinae
705 386 854 444 cumprimis
873 400 922 431 ne-

114 455 253 502 cessarias:
270 453 342 501 velut
352 456 399 511 est,
410 453 478 510 quod
487 454 556 500 torte
566 467 649 511 nuper
658 452 686 499 in
696 452 869 499 Praenestino
878 468 923 499 re·
977 455 981 459 ⁴

114 536 196 581 eessu,
212 521 360 579 vespertina
369 520 558 577 ambulatione,
572 521 643 567 solus
654 520 788 567 ambulans
799 516 922 566 conside-

113 596 213 637 rabam:
232 588 317 645 qualis
332 590 478 645 quantaque
487 590 556 634 esset
567 588 751 646 particularum
761 589 922 646 quarundam

114 658 143 703 in
153 656 271 703 oratione
280 655 375 700 Latina
385 655 506 701 varietas.
530 655 607 709 Quod
616 668 698 713 genus
709 659 748 700 est
757 655 921 714 praepositio

110 738 174 785 pro.
211 726 235 768 2.
255 722 342 768 Aliter
354 723 423 768 enim
438 722 490 768 dici
504 722 635 770 videbam:
651 719 790 782 pontifices
803 733 854 781 pro
865 725 922 770 oot-

115 793 181 853 legs'o
197 790 357 838 decrevisse:
377 789 469 835 aliter:
487 793 632 850 quensps‘om
644 795 733 837 resson
742 784 922 836 introductum

111 873 165 919 pro
177 859 317 905 testimonio
329 858 441 904 dixisse:
465 858 543 904 aliter
558 860 593 903 Μ.
605 858 729 903 Catonem
744 857 772 903 in
782 856 922 915 Originum

115 928 220 983 quarto:
235 926 366 985 proelium
375 925 498 987 facturn,
517 926 739 986 depugnatumque
750 939 803 984 pro
820 929 922 972 eastris

116 989 265 1051 scripsisse!
284 997 310 1041 et
323 992 385 1038 item
401 994 427 1038 in
444 993 548 1049 quinto:
565 994 657 1050 urbes,
671 993 822 1052 insulasque
833 1006 922 1040 omnes
973 1003 976 1021 1

111 1074 165 1122 pro
180 1074 244 1121 agro
257 1059 350 1120 Illyrio
366 1074 435 1107 esse:
456 1060 535 1107 aliter
549 1060 627 1105 etiam
641 1059 707 1105 dici:
726 1074 776 1119 pro
788 1059 853 1105 aede
865 1062 922 1106 ca-

115 1130 209 1177 storis:
229 1127 318 1173 aliter:
336 1141 388 1186 pro
403 1130 511 1175 rostris:
532 1127 622 1174 aliter:
638 1142 691 1187 pro
706 1128 847 1173 tribunali:
868 1126 922 1177 ali·

115 1200 168 1242 ter:
186 1209 237 1255 pro
257 1197 390 1241 concione:
408 1196 486 1252 atque
503 1193 593 1240 aliter:
621 1195 749 1241 tribunum
768 1194 854 1253 plebis
866 1209 920 1253 pro

111 1268 247 1323 potestate
256 1264 441 1309 iraetcreesslase.
470 1264 493 1307 3.
508 1262 560 1308 Sed
570 1262 616 1307 bos
626 1275 714 1308 omnes
727 1262 865 1321 dictiones,
875 1260 922 1318 qui

115 1333 161 1375 aut
175 1328 280 1375 omnino
295 1327 394 1375 similes
408 1332 435 1375 et
448 1341 535 1391 pares,
555 1332 600 1374 aut
608 1342 791 1387 usquequaque
803 1329 921 1375 diversas

72 1407 75 1411 “
116 1396 290 1456 existimaret,
310 1410 397 1443 errare
412 1396 565 1442 arbitrabar.
605 1398 670 1442 Nam
680 1395 832 1443 varietatem
843 1395 922 1452 istoru

116 1463 230 1509 eiusdem
240 1462 340 1521 quidem
353 1463 432 1510 lontis
442 1467 467 1510 et
477 1463 578 1522 capitis,
588 1477 643 1509 non
653 1463 768 1510 eiusdem
778 1467 865 1509 tamen
875 1476 918 1509 es-

116 1542 144 1577 se
155 1530 212 1576 finis
222 1531 350 1588 putabam.
386 1534 410 1576 4.
430 1531 507 1584 Quod
517 1532 635 1589 profecto
647 1530 725 1577 focile
736 1530 878 1589 intelliget,
895 1531 921 1577 si

116 1597 174 1655 quis
185 1597 305 1644 adhibeat
315 1598 347 1644 ad
356 1598 550 1644 meditationem
561 1612 633 1643 suom
643 1597 824 1654 intentionem,
838 1601 865 1644 et
874 1596 922 1646 ba·

115 1666 176 1713 best
191 1663 288 1712 veteris
299 1666 427 1712 orationis
437 1679 511 1711 usum
523 1669 599 1723 atque
609 1665 730 1712 notitiam
739 1665 920 1718 celebriorem.

383 1787 404 1838 C
425 1786 445 1837 d
463 1784 485 1835 P
503 1787 527 1837 U
544 1787 568 1836 T
604 1784 655 1837 lv.

159 1854 227 1902 Quem
236 1854 261 1896 in
269 1857 361 1899 nandum
372 1854 396 1903 ll.
405 1853 492 1898 Ennius
500 1867 575 1896 versun
584 1853 701 1911 Euripidis
710 1855 836 1898 aemulabo
844 1853 882 1898 ss't.

151 1931 175 1975 l.
194 1930 328 1989 Euripidis
339 1942 429 1976 sersus
440 1929 536 1976 suntin
547 1932 661 1986 Hecuba,
677 1932 770 1989 verbis,
781 1916 922 1991 sententia,

117 1997 244 2045 brevitate
259 1998 374 2059 insignes
391 1997 568 2056 illustresque.
602 2001 627 2043 2.
645 2000 753 2047 lleeuba
767 2004 808 2047 est
821 2000 852 2048 sd
863 2000 922 2047 Uli·

116 2076 177 2112 xem
186 2065 285 2111 dicens:

73 2179 76 2184 ,
153 2124 190 2177 Τὸ
202 2126 229 2177 d'
242 2126 350 2195 ἀξίωμα,
362 2127 409 2178 κᾶν
418 2130 502 2183 κακῶς
510 2129 579 2195 λέγῃ,
589 2122 620 2178 ‘td
632 2125 686 2187 otiu,

5 2897 88 2991 'h

151 2196 235 2257 Νικᾷ·
253 2194 331 2262 λόγος
338 2196 389 2264 γὰρ
401 2198 425 2246 ἔκ
436 2192 464 2245 τ’
475 2192 640 2251 ἀδοξούντων
649 2193 703 2260 ioiu,

150 2256 222 2310 Kois'
234 2263 287 2311 τῶν
297 2260 451 2327 δοκούντων,
462 2259 540 2320 αὐτὸς
551 2260 580 2312 οὔ
591 2260 688 2313 ταύτὸν
699 2266 796 2315 σθένει.

117 2332 142 2379 3.
161 2330 215 2378 llos
225 2345 316 2380 versus
328 2335 359 2387 Q.
370 2332 479 2395 Ennius,
495 2348 553 2381 eum
562 2346 616 2381 eam
627 2335 787 2394 tragoediam
797 2339 922 2392 verteret,

116 2410 169 2444 non
190 2410 252 2444 saue
271 2399 433 2448 incommode
452 2402 598 2449 aemulatus
620 2405 668 2448 est.
703 2405 799 2449 Versus
811 2404 923 2451 totidem

117 2465 233 2512 Enniani
243 2466 270 2510 hi
281 2470 352 2513 sunt:

150 2532 228 2579 Hace
238 2536 473 2594 tumetslperuerse
484 2537 566 2592 dices,
575 2537 664 2599 focile
675 2534 924 2600 Achivo'sfleneris:

151 2600 220 2648 Nam
235 2613 291 2646 eum
308 2601 426 2658 opulenti
433 2604 574 2663 loquuntur
581 2606 690 2664 pariter
701 2610 778 2667 atque
788 2608 924 2666 ignobiles,

153 2665 252 2714 Eadem
262 2666 488 2732 elloronensium
498 2674 586 2719 oratio
598 2686 684 2734 aequa
694 2687 744 2720 uon
754 2688 835 2737 aeque
842 2675 925 2721 valet,
