<?xml version="1.0" encoding="UTF-8"?>
<!DOCTYPE html PUBLIC "-//W3C//DTD XHTML 1.0 Transitional//EN"
    "http://www.w3.org/TR/xhtml1/DTD/xhtml1-transitional.dtd">
<html xmlns="http://www.w3.org/1999/xhtml" xml:lang="en" lang="en">
 <head>
  <title>
</title>
<meta http-equiv="Content-Type" content="text/html;charset=utf-8" />
  <meta name='ocr-system' content='tesseract 3.04.00' />
  <meta name='ocr-capabilities' content='ocr_page ocr_carea ocr_par ocr_line ocrx_word'/>
</head>
<body>
  <div class='ocr_page' id='page_1' title='image "auligelliinocte04gellgoog_0079.png"; bbox 0 0 2067 3034; ppageno 0'>
   <div class='ocr_carea' id='block_1_1' title="bbox 325 179 883 233">
    <p class='ocr_par' dir='ltr' id='par_1_1' title="bbox 325 179 883 233">
     <span class='ocr_line' id='line_1_1' title="bbox 325 179 883 233; baseline -0.002 0"><span class='ocrx_word' id='word_1_1' title='bbox 325 179 397 233; x_wconf 80' lang='lat' dir='ltr'>bill.</span> <span class='ocrx_word' id='word_1_2' title='bbox 415 179 453 229; x_wconf 89' lang='lat' dir='ltr'>ll.</span> <span class='ocrx_word' id='word_1_3' title='bbox 490 183 571 230; x_wconf 79' lang='lat' dir='ltr'>CAP.</span> <span class='ocrx_word' id='word_1_4' title='bbox 590 184 632 230; x_wconf 76' lang='grc'>29.</span> <span class='ocrx_word' id='word_1_5' title='bbox 846 180 883 233; x_wconf 77' lang='lat' dir='ltr'>ll</span> 
     </span>
    </p>
   </div>
   <div class='ocr_carea' id='block_1_2' title="bbox 73 296 885 1496">
    <p class='ocr_par' dir='ltr' id='par_1_2' title="bbox 73 296 885 1496">
     <span class='ocr_line' id='line_1_2' title="bbox 73 296 882 359; baseline -0.002 -10"><span class='ocrx_word' id='word_1_6' title='bbox 73 303 190 359; x_wconf 83' lang='lat' dir='ltr'>busque,</span> <span class='ocrx_word' id='word_1_7' title='bbox 209 298 248 346; x_wconf 92' lang='lat' dir='ltr'>its</span> <span class='ocrx_word' id='word_1_8' title='bbox 260 296 302 344; x_wconf 91' lang='lat' dir='ltr'>nti</span> <span class='ocrx_word' id='word_1_9' title='bbox 310 297 432 346; x_wconf 84' lang='lat' dir='ltr'>videntur</span> <span class='ocrx_word' id='word_1_10' title='bbox 441 298 607 348; x_wconf 82' lang='lat' dir='ltr'>existimasse</span> <span class='ocrx_word' id='word_1_11' title='bbox 621 296 792 358; x_wconf 65' lang='lat' dir='ltr'>antiquissimi</span> <span class='ocrx_word' id='word_1_12' title='bbox 803 300 882 347; x_wconf 82' lang='lat' dir='ltr'>Grae·</span> 
     </span>
     <span class='ocr_line' id='line_1_3' title="bbox 73 364 883 428; baseline -0.001 -13"><span class='ocrx_word' id='word_1_13' title='bbox 73 380 176 424; x_wconf 78' lang='lat' dir='ltr'>uorum,</span> <span class='ocrx_word' id='word_1_14' title='bbox 191 365 236 424; x_wconf 87' lang='lat' dir='ltr'>qui</span> <span class='ocrx_word' id='word_1_15' title='bbox 246 365 393 425; x_wconf 81' lang='lat' dir='ltr'><strong>Neptunum</strong></span> <span class='ocrx_word' id='word_1_16' title='bbox 403 366 560 428; x_wconf 70' lang='grc' dir='ltr'>ἐννοσίγαιον</span> <span class='ocrx_word' id='word_1_17' title='bbox 569 364 612 412; x_wconf 77' lang='grc' dir='ltr'>καὶ</span> <span class='ocrx_word' id='word_1_18' title='bbox 626 366 778 425; x_wconf 72' lang='grc' dir='ltr'><strong><em>σεισίχθονα</em></strong></span> <span class='ocrx_word' id='word_1_19' title='bbox 792 364 883 424; x_wconf 87' lang='lat' dir='ltr'>appel·</span> 
     </span>
     <span class='ocr_line' id='line_1_4' title="bbox 74 431 883 491; baseline 0 -10"><span class='ocrx_word' id='word_1_20' title='bbox 74 434 213 491; x_wconf 78' lang='lat' dir='ltr'>laverunt3</span> <span class='ocrx_word' id='word_1_21' title='bbox 234 446 268 479; x_wconf 87' lang='lat' dir='ltr'>an</span> <span class='ocrx_word' id='word_1_22' title='bbox 281 432 354 479; x_wconf 89' lang='lat' dir='ltr'>cuins</span> <span class='ocrx_word' id='word_1_23' title='bbox 368 431 435 480; x_wconf 83' lang='lat' dir='ltr'>alise</span> <span class='ocrx_word' id='word_1_24' title='bbox 444 434 484 482; x_wconf 86' lang='lat' dir='ltr'>rei</span> <span class='ocrx_word' id='word_1_25' title='bbox 495 446 586 490; x_wconf 85' lang='lat' dir='ltr'>esusa,</span> <span class='ocrx_word' id='word_1_26' title='bbox 605 433 747 481; x_wconf 83' lang='lat' dir='ltr'>slteriusre</span> <span class='ocrx_word' id='word_1_27' title='bbox 762 431 804 479; x_wconf 90' lang='lat' dir='ltr'>dei</span> <span class='ocrx_word' id='word_1_28' title='bbox 818 432 844 479; x_wconf 85' lang='lat' dir='ltr'>ri</span> <span class='ocrx_word' id='word_1_29' title='bbox 853 445 883 481; x_wconf 82' lang='lat' dir='ltr'>se</span> 
     </span>
     <span class='ocr_line' id='line_1_5' title="bbox 74 498 884 560; baseline -0.002 -12"><span class='ocrx_word' id='word_1_30' title='bbox 74 501 199 558; x_wconf 69' lang='lat' dir='ltr'>unumne,</span> <span class='ocrx_word' id='word_1_31' title='bbox 213 498 327 546; x_wconf 89' lang='lat' dir='ltr'>nondum</span> <span class='ocrx_word' id='word_1_32' title='bbox 337 498 422 557; x_wconf 84' lang='lat' dir='ltr'>etium,</span> <span class='ocrx_word' id='word_1_33' title='bbox 436 499 503 548; x_wconf 88' lang='lat' dir='ltr'>sicut</span> <span class='ocrx_word' id='word_1_34' title='bbox 513 500 639 560; x_wconf 81' lang='lat' dir='ltr'>diximus,</span> <span class='ocrx_word' id='word_1_35' title='bbox 659 514 705 560; x_wconf 94' lang='lat' dir='ltr'>pro</span> <span class='ocrx_word' id='word_1_36' title='bbox 718 502 789 547; x_wconf 88' lang='lat' dir='ltr'>certo</span> <span class='ocrx_word' id='word_1_37' title='bbox 801 498 884 546; x_wconf 89' lang='lat' dir='ltr'>credi·</span> 
     </span>
     <span class='ocr_line' id='line_1_6' title="bbox 74 566 884 624; baseline -0.002 -8"><span class='ocrx_word' id='word_1_38' title='bbox 74 573 142 616; x_wconf 88' lang='lat' dir='ltr'>turn.</span> <span class='ocrx_word' id='word_1_39' title='bbox 178 571 204 612; x_wconf 83' lang='lat'>2.</span> <span class='ocrx_word' id='word_1_40' title='bbox 222 566 365 624; x_wconf 72' lang='lat' dir='ltr'>Propterea</span> <span class='ocrx_word' id='word_1_41' title='bbox 382 571 484 614; x_wconf 81' lang='lat' dir='ltr'>veteres</span> <span class='ocrx_word' id='word_1_42' title='bbox 502 567 622 622; x_wconf 74' lang='lat' dir='ltr'>Romani,</span> <span class='ocrx_word' id='word_1_43' title='bbox 642 582 698 615; x_wconf 81' lang='lat' dir='ltr'>euru</span> <span class='ocrx_word' id='word_1_44' title='bbox 716 566 745 614; x_wconf 90' lang='lat' dir='ltr'>in</span> <span class='ocrx_word' id='word_1_45' title='bbox 764 566 884 614; x_wconf 89' lang='lat' dir='ltr'>omnibns</span> 
     </span>
     <span class='ocr_line' id='line_1_7' title="bbox 75 632 885 694; baseline 0 -14"><span class='ocrx_word' id='word_1_46' title='bbox 75 633 141 683; x_wconf 82' lang='lat' dir='ltr'>siiis</span> <span class='ocrx_word' id='word_1_47' title='bbox 155 632 228 680; x_wconf 82' lang='lat' dir='ltr'>vitae</span> <span class='ocrx_word' id='word_1_48' title='bbox 241 632 344 691; x_wconf 80' lang='lat' dir='ltr'>officiis,</span> <span class='ocrx_word' id='word_1_49' title='bbox 362 635 416 680; x_wconf 90' lang='lat' dir='ltr'>tum</span> <span class='ocrx_word' id='word_1_50' title='bbox 426 633 453 680; x_wconf 87' lang='lat' dir='ltr'>irs</span> <span class='ocrx_word' id='word_1_51' title='bbox 464 632 652 682; x_wconf 73' lang='lat' dir='ltr'>constituendis</span> <span class='ocrx_word' id='word_1_52' title='bbox 661 633 834 694; x_wconf 76' lang='lat' dir='ltr'>religionibus</span> <span class='ocrx_word' id='word_1_53' title='bbox 844 636 885 685; x_wconf 88' lang='lat' dir='ltr'>at·</span> 
     </span>
     <span class='ocr_line' id='line_1_8' title="bbox 75 692 884 763; baseline -0.001 -15"><span class='ocrx_word' id='word_1_54' title='bbox 75 692 129 761; x_wconf 64' lang='lat' dir='ltr'>qne</span> <span class='ocrx_word' id='word_1_55' title='bbox 153 699 181 746; x_wconf 88' lang='lat' dir='ltr'>in</span> <span class='ocrx_word' id='word_1_56' title='bbox 205 700 256 746; x_wconf 91' lang='lat' dir='ltr'>diis</span> <span class='ocrx_word' id='word_1_57' title='bbox 279 698 466 748; x_wconf 70' lang='lat' dir='ltr'>immortalibus</span> <span class='ocrx_word' id='word_1_58' title='bbox 488 700 729 763; x_wconf 20' lang='lat' dir='ltr'>animadvertendis*</span> <span class='ocrx_word' id='word_1_59' title='bbox 744 699 884 749; x_wconf 74' lang='lat' dir='ltr'>castissimi</span> 
     </span>
     <span class='ocr_line' id='line_1_9' title="bbox 77 766 885 827; baseline 0 -12"><span class='ocrx_word' id='word_1_60' title='bbox 77 766 286 827; x_wconf 63' lang='lat' dir='ltr'>notissimique,</span> <span class='ocrx_word' id='word_1_61' title='bbox 296 767 339 814; x_wconf 92' lang='lat' dir='ltr'>ubi</span> <span class='ocrx_word' id='word_1_62' title='bbox 349 771 443 816; x_wconf 80' lang='lat' dir='ltr'>terrum</span> <span class='ocrx_word' id='word_1_63' title='bbox 452 768 564 815; x_wconf 85' lang='lat' dir='ltr'>movisse</span> <span class='ocrx_word' id='word_1_64' title='bbox 574 771 716 824; x_wconf 84' lang='lat' dir='ltr'>senserant,</span> <span class='ocrx_word' id='word_1_65' title='bbox 725 767 885 815; x_wconf 86' lang='lat' dir='ltr'>nuntiatum·</span> 
     </span>
     <span class='ocr_line' id='line_1_10' title="bbox 78 833 884 894; baseline -0.001 -13"><span class='ocrx_word' id='word_1_66' title='bbox 78 846 111 881; x_wconf 79' lang='lat' dir='ltr'>se</span> <span class='ocrx_word' id='word_1_67' title='bbox 121 837 189 890; x_wconf 83' lang='lat' dir='ltr'>erat,</span> <span class='ocrx_word' id='word_1_68' title='bbox 200 835 280 881; x_wconf 82' lang='lat' dir='ltr'>lerina</span> <span class='ocrx_word' id='word_1_69' title='bbox 291 833 346 880; x_wconf 90' lang='lat' dir='ltr'>eius</span> <span class='ocrx_word' id='word_1_70' title='bbox 355 835 393 881; x_wconf 85' lang='lat' dir='ltr'>rei</span> <span class='ocrx_word' id='word_1_71' title='bbox 404 849 481 882; x_wconf 82' lang='lat' dir='ltr'>esuss</span> <span class='ocrx_word' id='word_1_72' title='bbox 491 836 577 883; x_wconf 85' lang='lat' dir='ltr'>edicto</span> <span class='ocrx_word' id='word_1_73' title='bbox 588 835 760 894; x_wconf 67' lang='lat' dir='ltr'>imperabautq</span> <span class='ocrx_word' id='word_1_74' title='bbox 780 835 826 881; x_wconf 90' lang='lat' dir='ltr'>sed</span> <span class='ocrx_word' id='word_1_75' title='bbox 840 833 884 881; x_wconf 83' lang='lat' dir='ltr'>dei</span> 
     </span>
     <span class='ocr_line' id='line_1_11' title="bbox 78 900 884 961; baseline 0.004 -13"><span class='ocrx_word' id='word_1_76' title='bbox 78 914 187 955; x_wconf 89' lang='lat' dir='ltr'>nomen,</span> <span class='ocrx_word' id='word_1_77' title='bbox 197 901 234 948; x_wconf 91' lang='lat' dir='ltr'>lta</span> <span class='ocrx_word' id='word_1_78' title='bbox 242 900 281 947; x_wconf 88' lang='lat' dir='ltr'>uti</span> <span class='ocrx_word' id='word_1_79' title='bbox 292 901 367 960; x_wconf 90' lang='lat' dir='ltr'>solet,</span> <span class='ocrx_word' id='word_1_80' title='bbox 373 902 415 948; x_wconf 85' lang='lat' dir='ltr'>eui</span> <span class='ocrx_word' id='word_1_81' title='bbox 422 902 520 949; x_wconf 83' lang='lat' dir='ltr'>servsri</span> <span class='ocrx_word' id='word_1_82' title='bbox 533 902 612 950; x_wconf 81' lang='lat' dir='ltr'>ferias</span> <span class='ocrx_word' id='word_1_83' title='bbox 622 905 763 961; x_wconf 88' lang='lat' dir='ltr'>oporteret,</span> <span class='ocrx_word' id='word_1_84' title='bbox 768 904 884 951; x_wconf 72' lang='lat' dir='ltr'>stutuere</span> 
     </span>
     <span class='ocr_line' id='line_1_12' title="bbox 81 968 884 1028; baseline -0.001 -13"><span class='ocrx_word' id='word_1_85' title='bbox 81 972 108 1015; x_wconf 85' lang='lat' dir='ltr'>et</span> <span class='ocrx_word' id='word_1_86' title='bbox 118 968 223 1015; x_wconf 88' lang='lat' dir='ltr'>edicere</span> <span class='ocrx_word' id='word_1_87' title='bbox 233 968 413 1026; x_wconf 79' lang='lat' dir='ltr'>quiescebant;</span> <span class='ocrx_word' id='word_1_88' title='bbox 430 984 475 1025; x_wconf 79' lang='lat' dir='ltr'>ne,</span> <span class='ocrx_word' id='word_1_89' title='bbox 494 969 575 1016; x_wconf 89' lang='lat' dir='ltr'>alium</span> <span class='ocrx_word' id='word_1_90' title='bbox 587 983 634 1028; x_wconf 93' lang='lat' dir='ltr'>pro</span> <span class='ocrx_word' id='word_1_91' title='bbox 649 968 702 1015; x_wconf 86' lang='lat' dir='ltr'>alio</span> <span class='ocrx_word' id='word_1_92' title='bbox 716 968 884 1022; x_wconf 70' lang='lat' dir='ltr'>nominando,</span> 
     </span>
     <span class='ocr_line' id='line_1_13' title="bbox 81 1032 885 1096; baseline -0.002 -13"><span class='ocrx_word' id='word_1_93' title='bbox 81 1036 152 1083; x_wconf 80' lang='lat' dir='ltr'>ialsa</span> <span class='ocrx_word' id='word_1_94' title='bbox 170 1035 302 1094; x_wconf 85' lang='lat' dir='ltr'>religione</span> <span class='ocrx_word' id='word_1_95' title='bbox 320 1033 443 1094; x_wconf 89' lang='lat' dir='ltr'>populum</span> <span class='ocrx_word' id='word_1_96' title='bbox 462 1034 611 1096; x_wconf 85' lang='lat' dir='ltr'>slligsrent.</span> <span class='ocrx_word' id='word_1_97' title='bbox 650 1037 674 1084; x_wconf 76' lang='grc'>3.</span> <span class='ocrx_word' id='word_1_98' title='bbox 692 1035 745 1081; x_wconf 85' lang='lat' dir='ltr'>Ess</span> <span class='ocrx_word' id='word_1_99' title='bbox 764 1035 842 1089; x_wconf 78' lang='lat' dir='ltr'>terius</span> <span class='ocrx_word' id='word_1_100' title='bbox 860 1032 885 1081; x_wconf 88' lang='lat' dir='ltr'>si</span> 
     </span>
     <span class='ocr_line' id='line_1_14' title="bbox 77 1101 885 1162; baseline -0.002 -13"><span class='ocrx_word' id='word_1_101' title='bbox 77 1101 141 1162; x_wconf 84' lang='lat' dir='ltr'>quis</span> <span class='ocrx_word' id='word_1_102' title='bbox 151 1101 302 1161; x_wconf 84' lang='lat' dir='ltr'>polluisset,</span> <span class='ocrx_word' id='word_1_103' title='bbox 322 1103 475 1160; x_wconf 78' lang='lat' dir='ltr'>piaculoque</span> <span class='ocrx_word' id='word_1_104' title='bbox 486 1105 518 1151; x_wconf 92' lang='lat' dir='ltr'>ob</span> <span class='ocrx_word' id='word_1_105' title='bbox 529 1104 594 1151; x_wconf 87' lang='lat' dir='ltr'>bano</span> <span class='ocrx_word' id='word_1_106' title='bbox 603 1117 656 1150; x_wconf 91' lang='lat' dir='ltr'>rem</span> <span class='ocrx_word' id='word_1_107' title='bbox 667 1115 731 1161; x_wconf 89' lang='lat' dir='ltr'>opus</span> <span class='ocrx_word' id='word_1_108' title='bbox 742 1107 823 1159; x_wconf 86' lang='lat' dir='ltr'>esset,</span> <span class='ocrx_word' id='word_1_109' title='bbox 837 1110 885 1147; x_wconf 87' lang='lat' dir='ltr'>no·</span> 
     </span>
     <span class='ocr_line' id='line_1_15' title="bbox 81 1166 884 1230; baseline -0.006 -13"><span class='ocrx_word' id='word_1_110' title='bbox 81 1170 160 1218; x_wconf 86' lang='lat' dir='ltr'>stiam</span> <span class='ocrx_word' id='word_1_111' title='bbox 170 1169 201 1216; x_wconf 84' lang='lat' dir='ltr'>Sl</span> <span class='ocrx_word' id='word_1_112' title='bbox 223 1168 305 1221; x_wconf 71' lang='lat' dir='ltr'>bno,</span> <span class='ocrx_word' id='word_1_113' title='bbox 314 1167 343 1215; x_wconf 83' lang='lat' dir='ltr'>Sl</span> <span class='ocrx_word' id='word_1_114' title='bbox 362 1166 467 1216; x_wconf 69' lang='lat' dir='ltr'>DEAE!</span> <span class='ocrx_word' id='word_1_115' title='bbox 476 1169 635 1230; x_wconf 76' lang='lat' dir='ltr'>immolabat,</span> <span class='ocrx_word' id='word_1_116' title='bbox 655 1168 732 1227; x_wconf 87' lang='lat' dir='ltr'>idque</span> <span class='ocrx_word' id='word_1_117' title='bbox 746 1168 784 1215; x_wconf 85' lang='lat' dir='ltr'>ita</span> <span class='ocrx_word' id='word_1_118' title='bbox 793 1182 828 1216; x_wconf 81' lang='lat' dir='ltr'>ex</span> <span class='ocrx_word' id='word_1_119' title='bbox 838 1167 884 1213; x_wconf 85' lang='lat' dir='ltr'>de·</span> 
     </span>
     <span class='ocr_line' id='line_1_16' title="bbox 81 1233 885 1295; baseline -0.005 -11"><span class='ocrx_word' id='word_1_120' title='bbox 81 1239 156 1284; x_wconf 78' lang='lat' dir='ltr'>creto</span> <span class='ocrx_word' id='word_1_121' title='bbox 171 1235 320 1295; x_wconf 74' lang='lat' dir='ltr'>pontificum</span> <span class='ocrx_word' id='word_1_122' title='bbox 329 1238 492 1283; x_wconf 83' lang='lat' dir='ltr'>observatum</span> <span class='ocrx_word' id='word_1_123' title='bbox 502 1251 560 1284; x_wconf 91' lang='lat' dir='ltr'>esse</span> <span class='ocrx_word' id='word_1_124' title='bbox 570 1239 605 1284; x_wconf 87' lang='grc' dir='ltr'>Μ.</span> <span class='ocrx_word' id='word_1_125' title='bbox 616 1239 698 1283; x_wconf 81' lang='lat' dir='ltr'>Varro</span> <span class='ocrx_word' id='word_1_126' title='bbox 710 1233 785 1283; x_wconf 85' lang='lat' dir='ltr'>dicit:</span> <span class='ocrx_word' id='word_1_127' title='bbox 802 1247 885 1294; x_wconf 89' lang='lat' dir='ltr'>quon·</span> 
     </span>
     <span class='ocr_line' id='line_1_17' title="bbox 81 1302 885 1363; baseline -0.004 -13"><span class='ocrx_word' id='word_1_128' title='bbox 81 1302 135 1350; x_wconf 87' lang='lat' dir='ltr'>ium</span> <span class='ocrx_word' id='word_1_129' title='bbox 145 1306 171 1350; x_wconf 90' lang='lat' dir='ltr'>et</span> <span class='ocrx_word' id='word_1_130' title='bbox 182 1302 282 1360; x_wconf 84' lang='lat' dir='ltr'>quari,</span> <span class='ocrx_word' id='word_1_131' title='bbox 301 1303 327 1349; x_wconf 85' lang='lat' dir='ltr'>et</span> <span class='ocrx_word' id='word_1_132' title='bbox 341 1317 479 1363; x_wconf 70' lang='lat' dir='ltr'>perquem</span> <span class='ocrx_word' id='word_1_133' title='bbox 489 1304 594 1351; x_wconf 86' lang='lat' dir='ltr'>deorum</span> <span class='ocrx_word' id='word_1_134' title='bbox 605 1304 741 1351; x_wconf 80' lang='lat' dir='ltr'>dearumve</span> <span class='ocrx_word' id='word_1_135' title='bbox 753 1307 823 1349; x_wconf 90' lang='lat' dir='ltr'>terra</span> <span class='ocrx_word' id='word_1_136' title='bbox 832 1311 885 1347; x_wconf 84' lang='lat' dir='ltr'>trc-</span> 
     </span>
     <span class='ocr_line' id='line_1_18' title="bbox 78 1369 884 1427; baseline -0.005 -9"><span class='ocrx_word' id='word_1_137' title='bbox 78 1373 165 1419; x_wconf 82' lang='lat' dir='ltr'>meret</span> <span class='ocrx_word' id='word_1_138' title='bbox 182 1370 308 1416; x_wconf 83' lang='lat' dir='ltr'>insertum</span> <span class='ocrx_word' id='word_1_139' title='bbox 325 1375 401 1417; x_wconf 89' lang='lat' dir='ltr'>esset.</span> <span class='ocrx_word' id='word_1_140' title='bbox 435 1373 460 1416; x_wconf 83' lang='lat'>4.</span> <span class='ocrx_word' id='word_1_141' title='bbox 478 1370 530 1418; x_wconf 89' lang='lat' dir='ltr'>Sed</span> <span class='ocrx_word' id='word_1_142' title='bbox 544 1370 575 1419; x_wconf 86' lang='lat' dir='ltr'>de</span> <span class='ocrx_word' id='word_1_143' title='bbox 590 1371 668 1417; x_wconf 90' lang='lat' dir='ltr'>lunse</span> <span class='ocrx_word' id='word_1_144' title='bbox 684 1369 800 1427; x_wconf 86' lang='lat' dir='ltr'>solisque</span> <span class='ocrx_word' id='word_1_145' title='bbox 815 1369 884 1415; x_wconf 84' lang='lat' dir='ltr'>dele·</span> 
     </span>
     <span class='ocr_line' id='line_1_19' title="bbox 82 1434 884 1496; baseline -0.005 -11"><span class='ocrx_word' id='word_1_146' title='bbox 82 1436 215 1485; x_wconf 79' lang='lat' dir='ltr'>ctionibus</span> <span class='ocrx_word' id='word_1_147' title='bbox 229 1449 282 1482; x_wconf 92' lang='lat' dir='ltr'>non</span> <span class='ocrx_word' id='word_1_148' title='bbox 296 1437 382 1484; x_wconf 89' lang='lat' dir='ltr'>minus</span> <span class='ocrx_word' id='word_1_149' title='bbox 397 1437 423 1483; x_wconf 92' lang='lat' dir='ltr'>in</span> <span class='ocrx_word' id='word_1_150' title='bbox 442 1437 499 1484; x_wconf 88' lang='lat' dir='ltr'>eius</span> <span class='ocrx_word' id='word_1_151' title='bbox 514 1436 555 1485; x_wconf 92' lang='lat' dir='ltr'>rei</span> <span class='ocrx_word' id='word_1_152' title='bbox 569 1451 647 1485; x_wconf 89' lang='lat' dir='ltr'>causs</span> <span class='ocrx_word' id='word_1_153' title='bbox 660 1434 812 1496; x_wconf 90' lang='lat' dir='ltr'>reperienda</span> <span class='ocrx_word' id='word_1_154' title='bbox 827 1447 884 1482; x_wconf 89' lang='lat' dir='ltr'>sese</span> 
     </span>
    </p>
   </div>
   <div class='ocr_carea' id='block_1_3' title="bbox 82 1500 885 1565">
    <p class='ocr_par' dir='ltr' id='par_1_3' title="bbox 82 1500 885 1565">
     <span class='ocr_line' id='line_1_20' title="bbox 82 1500 885 1565; baseline -0.007 -12"><span class='ocrx_word' id='word_1_155' title='bbox 82 1506 268 1553; x_wconf 84' lang='lat' dir='ltr'>exercuerunt.</span> <span class='ocrx_word' id='word_1_156' title='bbox 304 1506 328 1551; x_wconf 77' lang='lat'>⁵.</span> <span class='ocrx_word' id='word_1_157' title='bbox 347 1503 447 1563; x_wconf 80' lang='lat' dir='ltr'>Quippe</span> <span class='ocrx_word' id='word_1_158' title='bbox 460 1506 496 1550; x_wconf 84' lang='grc' dir='ltr'>Μ.</span> <span class='ocrx_word' id='word_1_159' title='bbox 508 1505 585 1565; x_wconf 85' lang='lat' dir='ltr'>Cato,</span> <span class='ocrx_word' id='word_1_160' title='bbox 605 1503 645 1551; x_wconf 84' lang='lat' dir='ltr'>vir</span> <span class='ocrx_word' id='word_1_161' title='bbox 659 1502 687 1550; x_wconf 89' lang='lat' dir='ltr'>ln</span> <span class='ocrx_word' id='word_1_162' title='bbox 698 1500 885 1562; x_wconf 76' lang='lat' dir='ltr'>cognoscendis</span> 
     </span>
    </p>
   </div>
   <div class='ocr_carea' id='block_1_4' title="bbox 80 1570 885 2029">
    <p class='ocr_par' dir='ltr' id='par_1_4' title="bbox 80 1570 885 2029">
     <span class='ocr_line' id='line_1_21' title="bbox 81 1570 885 1629; baseline -0.007 -9"><span class='ocrx_word' id='word_1_163' title='bbox 81 1575 162 1620; x_wconf 88' lang='lat' dir='ltr'>rebus</span> <span class='ocrx_word' id='word_1_164' title='bbox 176 1571 252 1617; x_wconf 87' lang='lat' dir='ltr'>multi</span> <span class='ocrx_word' id='word_1_165' title='bbox 267 1570 363 1627; x_wconf 77' lang='lat' dir='ltr'>studii,</span> <span class='ocrx_word' id='word_1_166' title='bbox 383 1571 482 1618; x_wconf 86' lang='lat' dir='ltr'>ineerta</span> <span class='ocrx_word' id='word_1_167' title='bbox 492 1573 577 1618; x_wconf 85' lang='lat' dir='ltr'>tumen</span> <span class='ocrx_word' id='word_1_168' title='bbox 588 1573 615 1617; x_wconf 90' lang='lat' dir='ltr'>et</span> <span class='ocrx_word' id='word_1_169' title='bbox 623 1570 756 1617; x_wconf 82' lang='lat' dir='ltr'>incurioso</span> <span class='ocrx_word' id='word_1_170' title='bbox 766 1583 844 1629; x_wconf 87' lang='lat' dir='ltr'>super</span> <span class='ocrx_word' id='word_1_171' title='bbox 854 1581 885 1615; x_wconf 86' lang='lat' dir='ltr'>es</span> 
     </span>
     <span class='ocr_line' id='line_1_22' title="bbox 81 1636 884 1697; baseline -0.005 -11"><span class='ocrx_word' id='word_1_172' title='bbox 81 1650 112 1686; x_wconf 87' lang='lat' dir='ltr'>re</span> <span class='ocrx_word' id='word_1_173' title='bbox 123 1639 245 1697; x_wconf 84' lang='lat' dir='ltr'>opinatus</span> <span class='ocrx_word' id='word_1_174' title='bbox 256 1640 304 1683; x_wconf 91' lang='lat' dir='ltr'>est.</span> <span class='ocrx_word' id='word_1_175' title='bbox 339 1641 363 1684; x_wconf 82' lang='lat' dir='ltr'>o.</span> <span class='ocrx_word' id='word_1_176' title='bbox 381 1640 464 1687; x_wconf 84' lang='lat' dir='ltr'>Verba</span> <span class='ocrx_word' id='word_1_177' title='bbox 475 1638 581 1689; x_wconf 78' lang='lat' dir='ltr'>Catonis</span> <span class='ocrx_word' id='word_1_178' title='bbox 596 1652 630 1686; x_wconf 84' lang='lat' dir='ltr'>ex</span> <span class='ocrx_word' id='word_1_179' title='bbox 642 1636 778 1697; x_wconf 77' lang='lat' dir='ltr'>Originum</span> <span class='ocrx_word' id='word_1_180' title='bbox 792 1640 884 1694; x_wconf 88' lang='lat' dir='ltr'>qunrto</span> 
     </span>
     <span class='ocr_line' id='line_1_23' title="bbox 80 1703 885 1766; baseline -0.009 -12"><span class='ocrx_word' id='word_1_181' title='bbox 80 1705 147 1754; x_wconf 71' lang='lat' dir='ltr'>nnec</span> <span class='ocrx_word' id='word_1_182' title='bbox 157 1709 231 1752; x_wconf 90' lang='lat' dir='ltr'>sunt:</span> <span class='ocrx_word' id='word_1_183' title='bbox 248 1705 306 1751; x_wconf 81' lang='lat' dir='ltr'>Nos</span> <span class='ocrx_word' id='word_1_184' title='bbox 316 1706 387 1751; x_wconf 83' lang='lat' dir='ltr'>lubet</span> <span class='ocrx_word' id='word_1_185' title='bbox 395 1707 516 1764; x_wconf 80' lang='lat' dir='ltr'>seribere,</span> <span class='ocrx_word' id='word_1_186' title='bbox 524 1707 593 1766; x_wconf 79' lang='lat' dir='ltr'>quod</span> <span class='ocrx_word' id='word_1_187' title='bbox 602 1709 628 1752; x_wconf 77' lang='lat' dir='ltr'>ia</span> <span class='ocrx_word' id='word_1_188' title='bbox 638 1706 730 1752; x_wconf 80' lang='lat' dir='ltr'>tabula</span> <span class='ocrx_word' id='word_1_189' title='bbox 741 1703 885 1764; x_wconf 80' lang='lat' dir='ltr'>upudPors·</span> 
     </span>
     <span class='ocr_line' id='line_1_24' title="bbox 83 1765 884 1836; baseline -0.005 -16"><span class='ocrx_word' id='word_1_190' title='bbox 83 1765 181 1832; x_wconf 70' lang='lat' dir='ltr'>inficeres</span> <span class='ocrx_word' id='word_1_191' title='bbox 196 1774 335 1819; x_wconf 73' lang='lat' dir='ltr'>sirasimrsrs</span> <span class='ocrx_word' id='word_1_192' title='bbox 352 1778 403 1829; x_wconf 84' lang='lat' dir='ltr'>est,</span> <span class='ocrx_word' id='word_1_193' title='bbox 423 1774 540 1836; x_wconf 78' lang='lat' dir='ltr'>quotiens</span> <span class='ocrx_word' id='word_1_194' title='bbox 556 1787 661 1823; x_wconf 66' lang='lat' dir='ltr'>rannone</span> <span class='ocrx_word' id='word_1_195' title='bbox 672 1786 754 1830; x_wconf 82' lang='lat' dir='ltr'>cara,</span> <span class='ocrx_word' id='word_1_196' title='bbox 769 1772 884 1832; x_wconf 81' lang='lat' dir='ltr'>quotiens</span> 
     </span>
     <span class='ocr_line' id='line_1_25' title="bbox 81 1837 884 1900; baseline -0.007 -13"><span class='ocrx_word' id='word_1_197' title='bbox 81 1840 173 1888; x_wconf 78' lang='lat' dir='ltr'>Lunae</span> <span class='ocrx_word' id='word_1_198' title='bbox 184 1845 232 1885; x_wconf 81' lang='lat' dir='ltr'>aut</span> <span class='ocrx_word' id='word_1_199' title='bbox 243 1837 312 1886; x_wconf 78' lang='lat' dir='ltr'>Solis</span> <span class='ocrx_word' id='word_1_200' title='bbox 322 1840 411 1888; x_wconf 72' lang='lat' dir='ltr'>tursius·</span> <span class='ocrx_word' id='word_1_201' title='bbox 418 1842 504 1900; x_wconf 78' lang='lat' dir='ltr'>caiigo</span> <span class='ocrx_word' id='word_1_202' title='bbox 516 1848 562 1887; x_wconf 79' lang='lat' dir='ltr'>ans</span> <span class='ocrx_word' id='word_1_203' title='bbox 575 1840 637 1900; x_wconf 80' lang='lat' dir='ltr'>quid</span> <span class='ocrx_word' id='word_1_204' title='bbox 645 1841 780 1885; x_wconf 78' lang='lat' dir='ltr'>obstiterit.</span> <span class='ocrx_word' id='word_1_205' title='bbox 799 1839 823 1882; x_wconf 74' lang='lat'>7.</span> <span class='ocrx_word' id='word_1_206' title='bbox 836 1838 884 1882; x_wconf 86' lang='lat' dir='ltr'>Us·</span> 
     </span>
     <span class='ocr_line' id='line_1_26' title="bbox 81 1903 885 1967; baseline -0.007 -13"><span class='ocrx_word' id='word_1_207' title='bbox 81 1920 132 1967; x_wconf 90' lang='lat' dir='ltr'>que</span> <span class='ocrx_word' id='word_1_208' title='bbox 148 1907 214 1954; x_wconf 88' lang='lat' dir='ltr'>adeo</span> <span class='ocrx_word' id='word_1_209' title='bbox 232 1905 305 1966; x_wconf 85' lang='lat' dir='ltr'>parvi</span> <span class='ocrx_word' id='word_1_210' title='bbox 318 1907 380 1954; x_wconf 82' lang='lat' dir='ltr'>iecit</span> <span class='ocrx_word' id='word_1_211' title='bbox 394 1908 511 1955; x_wconf 82' lang='lat' dir='ltr'>rstiones</span> <span class='ocrx_word' id='word_1_212' title='bbox 527 1920 601 1954; x_wconf 85' lang='lat' dir='ltr'>rerss</span> <span class='ocrx_word' id='word_1_213' title='bbox 617 1905 681 1953; x_wconf 92' lang='lat' dir='ltr'>solis</span> <span class='ocrx_word' id='word_1_214' title='bbox 695 1909 721 1953; x_wconf 88' lang='lat' dir='ltr'>et</span> <span class='ocrx_word' id='word_1_215' title='bbox 735 1905 812 1952; x_wconf 86' lang='lat' dir='ltr'>lunae</span> <span class='ocrx_word' id='word_1_216' title='bbox 824 1903 885 1949; x_wconf 82' lang='lat' dir='ltr'>det·</span> 
     </span>
     <span class='ocr_line' id='line_1_27' title="bbox 81 1973 497 2029; baseline 0 -7"><span class='ocrx_word' id='word_1_217' title='bbox 81 1973 207 2029; x_wconf 81' lang='lat' dir='ltr'>cientium</span> <span class='ocrx_word' id='word_1_218' title='bbox 217 1973 260 2021; x_wconf 86' lang='lat' dir='ltr'>vel</span> <span class='ocrx_word' id='word_1_219' title='bbox 271 1973 339 2021; x_wconf 85' lang='lat' dir='ltr'>scire</span> <span class='ocrx_word' id='word_1_220' title='bbox 350 1975 392 2022; x_wconf 84' lang='lat' dir='ltr'>rel</span> <span class='ocrx_word' id='word_1_221' title='bbox 402 1974 497 2023; x_wconf 84' lang='lat' dir='ltr'>dicere.</span> 
     </span>
    </p>
   </div>
   <div class='ocr_carea' id='block_1_5' title="bbox 81 2083 885 2774">
    <p class='ocr_par' dir='ltr' id='par_1_5' title="bbox 165 2083 801 2226">
     <span class='ocr_line' id='line_1_28' title="bbox 313 2083 648 2138; baseline 0.006 -4"><span class='ocrx_word' id='word_1_222' title='bbox 313 2086 371 2137; x_wconf 75' lang='lat' dir='ltr'>CA</span> <span class='ocrx_word' id='word_1_223' title='bbox 388 2083 410 2138; x_wconf 90' lang='lat' dir='ltr'>P</span> <span class='ocrx_word' id='word_1_224' title='bbox 429 2084 454 2138; x_wconf 86' lang='lat' dir='ltr'>U</span> <span class='ocrx_word' id='word_1_225' title='bbox 471 2085 497 2137; x_wconf 75' lang='lat' dir='ltr'>&#39;l‘</span> <span class='ocrx_word' id='word_1_226' title='bbox 531 2083 648 2136; x_wconf 72' lang='lat' dir='ltr'>xxiii.</span> 
     </span>
     <span class='ocr_line' id='line_1_29' title="bbox 165 2162 801 2226; baseline -0.006 -15"><span class='ocrx_word' id='word_1_227' title='bbox 165 2167 285 2225; x_wconf 73' lang='lat' dir='ltr'>Apologia</span> <span class='ocrx_word' id='word_1_228' title='bbox 294 2166 380 2226; x_wconf 77' lang='lat' dir='ltr'>Aesopi</span> <span class='ocrx_word' id='word_1_229' title='bbox 386 2165 499 2225; x_wconf 75' lang='lat' dir='ltr'>Phrygis,</span> <span class='ocrx_word' id='word_1_230' title='bbox 513 2173 643 2212; x_wconf 66' lang='lat' dir='ltr'>messorum</span> <span class='ocrx_word' id='word_1_231' title='bbox 651 2176 698 2223; x_wconf 77' lang='lat' dir='ltr'>npss</span> <span class='ocrx_word' id='word_1_232' title='bbox 707 2162 801 2209; x_wconf 77' lang='lat' dir='ltr'>issatilr‘s.</span> 
     </span>
    </p>

    <p class='ocr_par' dir='ltr' id='par_1_6' title="bbox 81 2234 885 2774">
     <span class='ocr_line' id='line_1_30' title="bbox 117 2234 884 2305; baseline -0.01 -13"><span class='ocrx_word' id='word_1_233' title='bbox 117 2247 140 2292; x_wconf 83' lang='grc' dir='ltr'>Ι.</span> <span class='ocrx_word' id='word_1_234' title='bbox 157 2247 276 2305; x_wconf 79' lang='lat' dir='ltr'>Aesopus</span> <span class='ocrx_word' id='word_1_235' title='bbox 295 2244 342 2291; x_wconf 90' lang='lat' dir='ltr'>ille</span> <span class='ocrx_word' id='word_1_236' title='bbox 362 2259 376 2291; x_wconf 92' lang='lat' dir='ltr'>e</span> <span class='ocrx_word' id='word_1_237' title='bbox 390 2244 503 2305; x_wconf 80' lang='lat' dir='ltr'>Phrygia</span> <span class='ocrx_word' id='word_1_238' title='bbox 522 2243 653 2290; x_wconf 81' lang='lat' dir='ltr'>fabulator</span> <span class='ocrx_word' id='word_1_239' title='bbox 670 2240 740 2288; x_wconf 79' lang='lat' dir='ltr'>haud</span> <span class='ocrx_word' id='word_1_240' title='bbox 755 2234 884 2285; x_wconf 85' lang='lat' dir='ltr'>immerito</span> 
     </span>
     <span class='ocr_line' id='line_1_31' title="bbox 82 2305 885 2373; baseline -0.011 -13"><span class='ocrx_word' id='word_1_241' title='bbox 82 2311 188 2372; x_wconf 77' lang='lat' dir='ltr'>sopiens</span> <span class='ocrx_word' id='word_1_242' title='bbox 199 2312 362 2359; x_wconf 85' lang='lat' dir='ltr'>existimatus</span> <span class='ocrx_word' id='word_1_243' title='bbox 372 2314 426 2373; x_wconf 87' lang='lat' dir='ltr'>est;</span> <span class='ocrx_word' id='word_1_244' title='bbox 442 2325 508 2367; x_wconf 79' lang='lat' dir='ltr'>enm,</span> <span class='ocrx_word' id='word_1_245' title='bbox 518 2324 584 2368; x_wconf 89' lang='lat' dir='ltr'>quae</span> <span class='ocrx_word' id='word_1_246' title='bbox 593 2308 672 2355; x_wconf 86' lang='lat' dir='ltr'>utilis</span> <span class='ocrx_word' id='word_1_247' title='bbox 681 2305 781 2353; x_wconf 90' lang='lat' dir='ltr'>monitu</span> <span class='ocrx_word' id='word_1_248' title='bbox 793 2318 885 2352; x_wconf 87' lang='lat' dir='ltr'>suasu-</span> 
     </span>
     <span class='ocr_line' id='line_1_32' title="bbox 82 2374 885 2439; baseline -0.011 -13"><span class='ocrx_word' id='word_1_249' title='bbox 82 2393 131 2437; x_wconf 87' lang='lat' dir='ltr'>que</span> <span class='ocrx_word' id='word_1_250' title='bbox 142 2384 231 2432; x_wconf 84' lang='lat' dir='ltr'>eraut,</span> <span class='ocrx_word' id='word_1_251' title='bbox 245 2392 298 2425; x_wconf 90' lang='lat' dir='ltr'>non</span> <span class='ocrx_word' id='word_1_252' title='bbox 308 2392 410 2439; x_wconf 83' lang='lat' dir='ltr'>serere,</span> <span class='ocrx_word' id='word_1_253' title='bbox 429 2393 483 2427; x_wconf 88' lang='lat' dir='ltr'>non</span> <span class='ocrx_word' id='word_1_254' title='bbox 492 2376 632 2436; x_wconf 87' lang='lat' dir='ltr'>imperiose</span> <span class='ocrx_word' id='word_1_255' title='bbox 643 2374 777 2436; x_wconf 84' lang='lat' dir='ltr'>praecepit</span> <span class='ocrx_word' id='word_1_256' title='bbox 787 2375 814 2418; x_wconf 86' lang='lat' dir='ltr'>et</span> <span class='ocrx_word' id='word_1_257' title='bbox 824 2386 885 2418; x_wconf 86' lang='lat' dir='ltr'>cen·</span> 
     </span>
     <span class='ocr_line' id='line_1_33' title="bbox 81 2440 883 2505; baseline -0.014 -11"><span class='ocrx_word' id='word_1_258' title='bbox 81 2446 142 2500; x_wconf 79' lang='lat' dir='ltr'>suit,</span> <span class='ocrx_word' id='word_1_259' title='bbox 152 2449 182 2492; x_wconf 90' lang='lat' dir='ltr'>ut</span> <span class='ocrx_word' id='word_1_260' title='bbox 191 2444 354 2505; x_wconf 83' lang='lat' dir='ltr'>philosophis</span> <span class='ocrx_word' id='word_1_261' title='bbox 364 2458 418 2492; x_wconf 89' lang='lat' dir='ltr'>mos</span> <span class='ocrx_word' id='word_1_262' title='bbox 429 2451 479 2502; x_wconf 86' lang='lat' dir='ltr'>est,</span> <span class='ocrx_word' id='word_1_263' title='bbox 488 2444 534 2491; x_wconf 87' lang='lat' dir='ltr'>sed</span> <span class='ocrx_word' id='word_1_264' title='bbox 545 2443 653 2490; x_wconf 71' lang='lat' dir='ltr'>festivos</span> <span class='ocrx_word' id='word_1_265' title='bbox 664 2440 883 2495; x_wconf 82' lang='lat' dir='ltr'>delectabilesque</span> 
     </span>
     <span class='ocr_line' id='line_1_34' title="bbox 82 2505 884 2573; baseline -0.012 -13"><span class='ocrx_word' id='word_1_266' title='bbox 82 2514 210 2573; x_wconf 84' lang='lat' dir='ltr'>apologos</span> <span class='ocrx_word' id='word_1_267' title='bbox 230 2517 400 2572; x_wconf 89' lang='lat' dir='ltr'>commentus,</span> <span class='ocrx_word' id='word_1_268' title='bbox 419 2527 462 2559; x_wconf 88' lang='lat' dir='ltr'>res</span> <span class='ocrx_word' id='word_1_269' title='bbox 482 2510 624 2558; x_wconf 86' lang='lat' dir='ltr'>sulubriter</span> <span class='ocrx_word' id='word_1_270' title='bbox 643 2524 673 2556; x_wconf 85' lang='lat' dir='ltr'>sc</span> <span class='ocrx_word' id='word_1_271' title='bbox 690 2505 884 2568; x_wconf 82' lang='lat' dir='ltr'>prospicienter</span> 
     </span>
     <span class='ocr_line' id='line_1_35' title="bbox 81 2575 885 2642; baseline -0.012 -16"><span class='ocrx_word' id='word_1_272' title='bbox 81 2580 275 2626; x_wconf 87' lang='lat' dir='ltr'>snimudversas</span> <span class='ocrx_word' id='word_1_273' title='bbox 293 2580 320 2642; x_wconf 77' lang='lat' dir='ltr'>in</span> <span class='ocrx_word' id='word_1_274' title='bbox 338 2582 438 2627; x_wconf 86' lang='lat' dir='ltr'>mentes</span> <span class='ocrx_word' id='word_1_275' title='bbox 457 2580 607 2637; x_wconf 75' lang='lat' dir='ltr'>animosque</span> <span class='ocrx_word' id='word_1_276' title='bbox 621 2575 751 2623; x_wconf 87' lang='lat' dir='ltr'>hominum</span> <span class='ocrx_word' id='word_1_277' title='bbox 766 2587 823 2620; x_wconf 89' lang='lat' dir='ltr'>cum</span> <span class='ocrx_word' id='word_1_278' title='bbox 838 2584 885 2617; x_wconf 89' lang='lat' dir='ltr'>au·</span> 
     </span>
     <span class='ocr_line' id='line_1_36' title="bbox 81 2638 884 2705; baseline -0.016 -11"><span class='ocrx_word' id='word_1_279' title='bbox 81 2645 170 2695; x_wconf 86' lang='lat' dir='ltr'>diendi</span> <span class='ocrx_word' id='word_1_280' title='bbox 180 2646 289 2705; x_wconf 86' lang='lat' dir='ltr'>qusdurn</span> <span class='ocrx_word' id='word_1_281' title='bbox 300 2646 424 2694; x_wconf 88' lang='lat' dir='ltr'>illecebra</span> <span class='ocrx_word' id='word_1_282' title='bbox 434 2645 528 2693; x_wconf 77' lang='lat' dir='ltr'>induit</span> <span class='ocrx_word' id='word_1_283' title='bbox 564 2647 588 2691; x_wconf 81' lang='lat'>2.</span> <span class='ocrx_word' id='word_1_284' title='bbox 606 2644 687 2690; x_wconf 86' lang='lat' dir='ltr'>Velut</span> <span class='ocrx_word' id='word_1_285' title='bbox 700 2642 762 2687; x_wconf 79' lang='lat' dir='ltr'>lineo</span> <span class='ocrx_word' id='word_1_286' title='bbox 776 2638 832 2684; x_wconf 92' lang='lat' dir='ltr'>eius</span> <span class='ocrx_word' id='word_1_287' title='bbox 843 2639 884 2683; x_wconf 82' lang='lat' dir='ltr'>ia·</span> 
     </span>
     <span class='ocr_line' id='line_1_37' title="bbox 81 2705 885 2774; baseline -0.021 -11"><span class='ocrx_word' id='word_1_288' title='bbox 81 2714 143 2763; x_wconf 84' lang='lat' dir='ltr'>bnis</span> <span class='ocrx_word' id='word_1_289' title='bbox 153 2713 185 2762; x_wconf 84' lang='lat' dir='ltr'>de</span> <span class='ocrx_word' id='word_1_290' title='bbox 195 2713 315 2762; x_wconf 80' lang='lat' dir='ltr'>ssloulse</span> <span class='ocrx_word' id='word_1_291' title='bbox 324 2713 416 2761; x_wconf 90' lang='lat' dir='ltr'>nidulo</span> <span class='ocrx_word' id='word_1_292' title='bbox 425 2713 513 2774; x_wconf 89' lang='lat' dir='ltr'>lepide</span> <span class='ocrx_word' id='word_1_293' title='bbox 524 2714 599 2770; x_wconf 87' lang='lat' dir='ltr'>atque</span> <span class='ocrx_word' id='word_1_294' title='bbox 609 2709 721 2758; x_wconf 84' lang='lat' dir='ltr'>iucunde</span> <span class='ocrx_word' id='word_1_295' title='bbox 727 2705 885 2767; x_wconf 81' lang='lat' dir='ltr'>praemonet,</span> 
     </span>
    </p>
   </div>
   <div class='ocr_carea' id='block_1_6' title="bbox 0 0 1042 3034">
    <p class='ocr_par' dir='ltr' id='par_1_7' title="bbox 0 0 1042 3034">
     <span class='ocr_line' id='line_1_38' title="bbox 0 0 1042 3034; baseline 0 0"><span class='ocrx_word' id='word_1_296' title='bbox 0 0 1042 3034; x_wconf 95' lang='lat' dir='ltr'> </span> 
     </span>
    </p>
   </div>
  </div>
 </body>
</html>
