2067 3034
168 135 222 198 ssa
393 138 525 196 ,suus
560 136 752 186 aunan.¹

392 252 715 305 vonnu'rns.

199 321 274 369 Vasa
286 320 322 365 M.
341 319 451 363 Varronis
471 335 500 363 ea
519 319 580 362 libro
599 321 678 377 quinto
692 327 716 363 et
730 320 838 363 vicesimo
855 319 982 365 Biemann·

222 393 280 429 ram,
297 377 376 436 quibas
386 382 469 419 contra
479 376 612 432 opinionem
620 377 754 432 vulgariam
763 373 941 433 intmpktatas
951 386 984 423 est

222 433 320 477 Homeri
327 447 420 476 unnim.
540 445 541 448 ’

202 496 225 542 1.
244 497 273 540 ln
285 492 446 540 sermonibus
458 492 540 553 torte,
558 492 663 551 quosne
675 493 836 551 temporibus
846 507 941 540 rerum
952 489 984 540 si

165 576 229 610 usus
239 561 371 609 bominum
381 561 541 617 reperturum
552 559 726 619 agitabamus,
742 561 899 607 adolescens
911 562 984 619 quis-

167 630 236 689 piam
245 641 299 674 nou
310 627 437 683 indoctus,
453 627 650 685 sparsiquoque
660 640 734 673 usum
744 626 772 672 in
782 630 855 673 terra
867 629 983 675 Graecis

168 697 213 743 diu
226 694 387 753 incognitum
403 693 483 739 tuisse
499 692 581 740 dixit:
601 694 742 751 multisque
758 699 818 753 post
833 694 918 742 llium
939 710 982 742 aa·

166 766 239 822 ptum
249 760 444 819 tempestatibus
455 773 488 806 ex
502 762 573 806 terra
583 760 710 819 Hispania
720 762 866 808 advectum.
894 767 922 809 2.
936 762 981 808 Ri-

168 829 316 877 seruntboo
326 828 356 874 ad
368 826 529 873 illudendum
543 841 578 873 ex
588 827 636 887 iis,
656 827 700 885 qui
714 827 752 874 ibi
766 830 889 885 aderant,
911 841 980 875 unus

168 901 245 957 atque
259 896 338 953 alter,
357 895 425 940 male
440 893 558 940 homines
573 895 687 952 literati3
707 895 776 952 quod
786 909 869 954 genus
881 896 980 943 Graeei

166 958 307 1027 ἀγοραίους
318 962 463 1021 appellant:
484 963 561 1018 etque
572 975 638 1019 eum,
648 962 692 1020 qui
703 962 858 1021 indixerat,
880 962 979 1010 librum

167 1031 265 1091 legisse
276 1028 381 1077 Homeri
392 1028 504 1087 aiebant,
515 1028 557 1073 eui
567 1042 656 1075 versus
666 1028 707 1075 hie
718 1030 787 1076 forte
797 1030 918 1077 necaret:

200 1097 257 1145 Καὶ
268 1092 299 1158 δὴ
309 1094 391 1159 δοῦρα
402 1092 493 1152 σέσηπε
504 1094 575 1153 νεῶν,
586 1094 630 1142 nai
640 1090 742 1158 σπάρτα
753 1094 881 1144 λέλυνται.

167 1168 182 1214 3
211 1166 275 1212 'lum
290 1163 337 1209 ille
353 1174 472 1220 prorsum
485 1161 616 1209 irritatus:
637 1164 705 1222 Non,
720 1163 812 1223 lnquit,
822 1163 850 1209 iu
862 1178 894 1210 eo
907 1164 977 1212 libro

168 1245 267 1287 versus,
278 1231 324 1276 sed
335 1228 408 1275 vobis
419 1229 496 1286 plane
506 1230 631 1287 magister
643 1229 734 1288 detuit,
751 1231 774 1276 si
786 1231 893 1277 eraditis
905 1232 935 1277 iu
945 1247 976 1279 eo

160 1313 244 1347 ‘versu
255 1291 355 1359 σπάρτα
371 1295 396 1341 id
410 1294 568 1353 significare,
587 1297 656 1355 quod
665 1310 713 1345 uos
723 1304 844 1358 spartum
854 1299 976 1345 dicimus.

166 1370 192 1413 4.
210 1365 336 1412 Maiorem
348 1361 505 1421 [enimvero]
522 1363 566 1408 illi
579 1364 660 1410 risina
673 1365 827 1411 subiiciunt:
847 1379 934 1423 neque
948 1366 975 1412 in

167 1433 336 1491 destiterunt,
355 1429 408 1475 nisi
421 1429 489 1475 liber
503 1430 534 1475 ab
548 1444 580 1477 eo
591 1432 708 1489 prolatus
718 1435 787 1477 esset
796 1434 832 1477 Μ.
844 1434 973 1479 Varronis

166 1497 303 1547 vicesimus
322 1496 425 1556 quintus
439 1497 629 1553 Humanarum,
649 1498 678 1543 in
690 1511 741 1555 qno
756 1500 788 1544 de
803 1499 854 1545 isto
864 1500 973 1546 Homeri

166 1581 245 1614 versu
254 1566 394 1612 aVarrone
405 1563 441 1609 ita
452 1563 577 1622 seriptum
588 1568 640 1611 est:
654 1565 711 1626 Ego
722 1560 824 1630 σπάρτα
833 1569 908 1626 apua
916 1568 972 1613 llo-

166 1648 263 1683 meram
272 1648 321 1679 nan
328 1632 390 1691 plns
400 1643 434 1689 sp
442 1637 548 1677 artam
557 1630 710 1691 significare
720 1641 793 1693 palo,
803 1648 882 1693 qaam
892 1627 972 1696 σπάρ-

166 1715 227 1753 τους
241 1704 286 1763 qui
297 1702 417 1746 dieantur
431 1700 458 1743 in
473 1712 540 1759 agro
558 1699 679 1746 Thebano
695 1704 761 1746 nati.
801 1702 835 1747 In
855 1702 972 1748 Graecia

166 1771 256 1830 sparti
268 1768 346 1827 eopia
362 1766 434 1811 modo
449 1768 603 1825 sospitam
618 1780 654 1813 ea
664 1768 805 1826 llispania.
841 1769 972 1829 Neqneea

165 1840 226 1898 ipsa
230 1836 367 1898 facultate
378 1833 422 1879 asi
429 1832 540 1879 Liburni
544 1847 555 1891 ,·
573 1836 619 1880 sed
627 1834 656 1879 m·
658 1835 804 1895 plerasque
812 1850 895 1883 nares
907 1838 971 1884 ioris

165 1905 288 1953 suebant:
309 1901 409 1948 Graeci
426 1902 508 1960 magis
528 1902 647 1947 cannabo
665 1908 692 1947 et
710 1909 809 1961 stappa
826 1906 970 1964 asserisque

165 1973 260 2021 sats'ois
274 1972 363 2027 rebus,
383 1982 402 2013 a
416 1969 506 2027 quitus
518 1961 620 2030 σπάρτα
630 1971 812 2028 appellabant.
849 1975 874 2016 5.
894 1971 971 2025 Quod

166 2053 222 2086 oum
237 2038 275 2084 ita
284 2038 367 2083 Varro
378 2034 458 2091 dieat,
478 2034 568 2081 dubito
579 2036 675 2093 hercle,
684 2050 716 2082 an
727 2036 860 2095 posterior
869 2038 971 2096 syllaba

165 2106 234 2153 ineo
246 2107 340 2163 verbo,
356 2101 423 2159 quon
433 2101 502 2159 apud
512 2103 653 2149 Homerum
662 2106 709 2162 est,
724 2104 839 2150 acuenda
849 2104 897 2162 sit3
919 2104 971 2151 nisi

163 2173 226 2230 quia
235 2185 312 2219 voees
321 2168 513 2225 huiuscemodi,
529 2183 584 2215 earn
596 2184 628 2216 ex
640 2171 768 2216 communi
778 2170 971 2229 oignifiostioue

164 2240 193 2286 ln
202 2239 241 2286 rei
253 2242 340 2285 certae
349 2236 534 2295 proprietatem
544 2238 698 2299 concedunt,
712 2237 865 2285 diversitate
875 2252 971 2287 aceen-

164 2309 236 2354 tuum
248 2308 410 2365 separantur.
915 2306 921 2334 ¹

424 2384 614 2437 CAPUT
649 2385 703 2437 lv.

194 2449 254 2499 iiiiii
261 2449 388 2496 Menander
395 2456 469 2507 poi'tn
479 2451 611 2496 Philemoni
616 2457 704 2507 pastae
714 2453 806 2502 dixerit,
824 2466 840 2494 a
848 2464 892 2509 qao
902 2465 970 2509 saepe

192 2551 194 2560 ,
219 2504 312 2559 indigns
330 2508 355 2549 in
374 2509 535 2551 certaminibus
554 2510 723 2551 comoediarum
740 2514 859 2563 remoratae
877 2515 924 2551 est·
947 2515 970 2552 a

218 2562 417 2659 {zozimam
425 2562 546 2619 Euripides
554 2565 581 2608 in
590 2566 713 2619 tragoedia
722 2566 751 2606 ai
760 2563 902 2619 ignobilibus
910 2568 969 2619 poi·

200 2676 223 2722 1.
239 2675 408 2743 Menandern
417 2677 578 2745 Philemone,
593 2694 753 2742 nequaquam
762 2679 820 2741 pari
830 2678 967 2739 scriptore,
