2067 3034
318 167 391 216 nis.
411 171 480 217 Vll.
517 170 598 216 GAP.
616 173 657 222 Π.
837 174 890 224 185

86 297 177 355 pulsu:
205 291 230 337 Ί.
255 289 331 348 etque
349 288 417 338 illud
435 301 537 346 quoque
551 289 798 350 praetermittamus,
819 294 890 352 quod

84 358 226 410 Sallustius
237 357 264 403 in
271 355 388 419 'Catilina
399 355 500 402 scribit:
533 359 558 401 8.
569 358 673 403 Minori
679 361 758 405 etiam
762 360 852 419 ferro,
862 364 889 407 ui

86 431 137 479 siti
145 424 355 485 obnoxiaforet:
365 425 399 486 et,
410 422 478 481 quod
488 422 591 470 videtur
600 424 687 469 notius
697 421 890 484 pervulgatius·

87 508 135 554 que
145 508 212 554 esse,
227 492 255 539 id
266 506 307 538 me
316 491 391 552 doee.
425 491 522 538 Versus
534 490 603 537 enim
611 491 718 551 Virgilii
731 497 793 541 sunt
805 494 890 547 srotis·

86 575 164 611 simi:

119 632 188 679 Nam
197 637 280 687 neque
288 634 348 673 tone
357 626 439 673 astris
448 627 519 673 acies
530 626 624 673 obtusa
634 628 725 685 videri,

120 699 174 745 Nec
177 695 284 758 fratris
294 694 377 741 radiis
387 694 502 740 obsonia
511 706 617 753 surgere
627 694 708 754 quen

85 764 156 823 quod
166 767 193 809 tu
203 762 255 810 sis:
273 763 369 821 eulpae
378 773 442 808 suos
453 764 588 809 conscium.
611 765 634 807 9.
645 763 707 810 Alio
718 776 818 821 quoque
828 764 889 809 loeo

86 831 215 890 Virgilius
232 830 312 877 verbo
327 829 377 877 isto
392 828 483 888 utitur,
500 842 515 876 u
530 833 575 875 tun
590 828 720 877 sententis
733 830 843 889 diverse,
861 830 889 877 io

85 898 129 952 isis
139 897 271 946 versibus:

416 988 452 999 —
460 988 493 998 -
503 965 585 1011 Iuvat
595 978 664 1011 arva
674 964 761 1011 videre

121 1032 179 1081 Non
188 1033 287 1084 rastris
297 1030 432 1090 domiuum,
443 1046 494 1078 noo
504 1033 554 1080 olli
562 1033 677 1078 obnoxia
687 1046 776 1077 curae.

86 1102 155 1151 Cure
166 1100 233 1148 enim
245 1100 368 1158 prodesse
378 1098 447 1146 orvis
457 1099 539 1159 solet,
554 1113 607 1145 nou
616 1113 725 1156 nocere,
740 1098 808 1155 quod
820 1100 847 1144 tu
857 1100 889 1147 de

85 1170 198 1218 obnoxio
210 1166 311 1214 dixisti.
347 1168 387 1212 10.
405 1168 459 1212 lom
468 1180 531 1212 vero
541 1166 609 1212 illud
621 1166 698 1213 etiarn
708 1166 738 1217 Q.
747 1164 828 1211 Ennii
838 1178 889 1221 quo

85 1240 162 1295 poeto
173 1248 315 1293 congruere
329 1236 412 1281 tecum
423 1235 521 1294 potest,
535 1234 603 1294 quod
617 1234 707 1281 scribit
721 1233 749 1280 in
758 1233 887 1280 Phoenice

87 1303 113 1352 in
123 1305 192 1349 hisce
204 1301 336 1349 versibus?

121 1371 174 1416 Sed
182 1372 266 1416 viroso
278 1384 342 1415 vera
351 1369 447 1415 virtute
457 1370 543 1430 vivers
554 1370 697 1425 auimatum
707 1368 817 1415 addecet

121 1438 236 1497 Euroque
247 1438 379 1483 innoxium
389 1450 489 1483 vacere
499 1437 624 1484 adversus
635 1438 816 1483 adversarior.

86 1549 89 1554 .
120 1505 165 1551 Ea
176 1506 288 1551 libertas
303 1510 341 1550 sot
346 1535 355 1559 ,
369 1507 512 1563 quipectus
517 1518 613 1563 purum
624 1499 761 1561 etfirmum
770 1497 889 1565 gestitat,

121 1572 196 1619 Aliae
208 1586 250 1620 res
261 1571 418 1618 obnoxiosae
427 1576 501 1618 noete
510 1573 537 1616 ἐκ
547 1572 659 1618 obscura
670 1572 763 1618 latent.

85 1641 130 1692 ll.
148 1643 183 1688 At
193 1640 255 1699 ille,
272 1638 386 1685 oscitans
396 1641 422 1684 et
431 1637 603 1696 hullutinonti
615 1638 722 1685 similis:
745 1640 833 1696 Nune,
846 1638 889 1685 iu·

85 1709 155 1767 quit,
169 1707 233 1755 milri
247 1720 343 1764 operae
352 1720 404 1752 non
415 1708 463 1753 est.
500 1707 563 1751 Cum
574 1706 654 1752 otium
664 1706 725 1762 erit,
745 1706 844 1753 revises
855 1704 889 1753 sd

83 1790 139 1832 me,
153 1779 229 1832 etque
246 1774 341 1829 disses,
355 1774 416 1830 quid
426 1774 455 1820 in
464 1775 544 1820 verbo
556 1772 607 1820 isto
618 1775 645 1820 et
654 1773 782 1833 Virgilius
793 1777 819 1819 et
829 1773 889 1818 Sol·

83 1842 179 1891 lustius
194 1847 221 1888 et
233 1842 341 1888 Plautus
355 1844 381 1886 et
390 1840 490 1887 Ennim
505 1841 643 1888 senserint.
677 1841 711 1886 Et
721 1840 818 1886 siebulo
829 1839 888 1896 qui·

82 1910 140 1957 dem
152 1910 209 1968 ille,
219 1908 266 1957 ubi
275 1909 324 1955 hoe
334 1908 411 1962 dixit,
421 1907 552 1967 digressus
563 1911 610 1953 est.
637 1910 675 1954 12.
692 1907 721 1954 Si
734 1907 791 1965 quis
801 1909 888 1954 auteur

83 1978 158 2025 solet
166 1990 219 2024 non
232 1976 358 2034 originem
370 1974 453 2021 solam
463 1976 536 2022 verbi
546 1973 634 2035 istius,
654 1975 699 2021 sed
717 1972 887 2032 significatio·

80 2059 141 2092 neus
152 2057 253 2103 quoque
262 2043 320 2089 eius
331 2042 532 2099 varietatemque
544 2055 691 2099 recensere3
710 2044 739 2087 ut
749 2042 800 2088 hoe
809 2039 888 2090 etism

80 2112 230 2162 Plautinum
239 2111 346 2170 spectet,
357 2108 483 2167 sdseripsi
494 2123 584 2157 versus
594 2122 628 2155 ex
638 2107 760 2154 Asinaria

114 2182 258 2229 Μωτιαιαε
270 2178 420 2237 opimitates
429 2178 525 2237 gaudio
537 2178 730 2237 efferte‘ssomos

115 2246 256 2295 saisieris
268 2247 311 2292 ille
322 2259 375 2291 uua
386 2259 481 2291 mecum
488 2250 581 2303 pariet
589 2250 719 2304 gnatoque
729 2247 754 2288 et
762 2244 856 2302 patri,-

113 2312 185 2362 Adeo
195 2322 224 2361 ut
234 2320 350 2360 oetatem
360 2313 434 2359 ambo
446 2312 568 2366 ambobus
578 2313 650 2358 nobis
660 2312 714 2358 sint
722 2311 839 2370 obnoxii,

112 2383 211 2429 Nostro
222 2381 334 2427 devincti
343 2376 475 2438 beneficio.

79 2450 121 2498 13.
140 2451 199 2504 Qus
210 2461 273 2494 vero
288 2446 336 2493 ille
347 2446 527 2506 grammaticus
539 2444 655 2493 linitione
665 2457 728 2491 usus
738 2445 787 2500 est,
802 2457 833 2496 es
843 2442 883 2489 vi-

78 2518 157 2564 detur
166 2517 193 2563 in
204 2517 283 2563 verbo
294 2515 345 2560 tum
354 2514 492 2573 multiplici
502 2527 580 2559 unum
588 2511 763 2559 tantummodo
774 2524 886 2568 usurpa-

76 2583 177 2633 tionem
191 2582 248 2630 eius
261 2586 380 2641 notasse,
400 2595 465 2641 quse
480 2581 581 2638 quidem
590 2581 712 2639 eongruit
723 2592 779 2626 eum
788 2577 887 2636 signiti-

78 2656 149 2711 estu,
161 2664 210 2710 quo
222 2650 422 2697 Caeciliususus
432 2652 471 2696 est
481 2649 508 2694 in
521 2648 630 2707 Chrysio
641 2648 717 2693 inhis
728 2646 860 2702 versibus:

114 2744 148 2755 -
159 2720 317 2782 Quanquam
325 2731 371 2780 ego
383 2719 496 2770 mercede
508 2716 557 2763 leue
567 2716 706 2773 conductus
716 2722 765 2762 tua
