2067 3034
289 185 291 190 .
316 144 385 210 nm.
404 144 472 194 xn.
508 146 598 195 oar.
617 150 641 197 a.
831 145 883 202 zos

74 275 127 310 non
146 264 249 321 carcut3
269 262 315 309 sed
334 266 394 310 sunt
408 262 532 323 pleraque
546 278 619 312 noxa
633 265 736 324 quidem
747 279 841 327 magna
856 271 884 316 et

75 330 191 390 pernicie
207 331 323 389 privata,
344 331 470 388 quianon
484 333 654 391 suutturpia3
675 337 883 383 contrauaturac

75 402 163 445 tamen
172 398 397 445 mansuetudinem
406 398 592 457 lenitatemque
603 401 723 458 opposita
733 405 833 460 sunt,et
842 403 883 449 in-

77 464 159 523 festa,
178 477 224 523 per
240 467 375 512 obscurum
388 466 515 524 quandam
526 471 552 513 et
561 468 734 513 necessariam
744 468 827 527 ipsius
837 483 884 516 na-

76 532 152 578 turae
168 532 387 591 consequentiam.
422 534 493 580 Haeo
507 547 570 592 ergo
587 532 628 580 vir
645 535 748 593 sapiens
767 537 884 583 tolerare

77 601 105 645 et
115 598 231 646 cunctari
241 602 339 660 potest,
358 614 412 646 non
422 599 558 647 admittere
573 601 678 647 omuino
690 602 718 647 in
728 616 832 649 sensum
843 602 884 649 sui

76 679 133 713 non
151 668 249 727 potest3
271 663 413 728 ἀναλγησία
433 667 502 713 enim
521 662 734 728 atqueflc'mridetu
752 684 805 716 non
824 684 883 717 meo

77 736 190 792 tantum,
206 733 302 794 inquit,
323 735 367 781 sed
379 733 538 792 quorundam
548 735 624 782 etiam
635 749 669 781 ex
681 736 770 782 eadem
779 737 885 796 porticu

76 800 275 862 prudentiorum
287 801 432 861 homiuum,
449 802 528 849 sicuti
538 802 636 848 iudicio
648 803 780 864 Panaetii,
795 803 884 863 gravis

77 873 155 927 atque
165 869 236 915 docti
246 869 307 925 viri,
319 869 463 928 improbata
473 870 623 927 abiectaque
634 872 681 915 est.
716 872 758 916 11.
776 872 827 917 Sed
837 884 884 918 cur

78 940 170 983 contra
184 936 345 983 voluntatem
361 950 434 982 suam
451 938 563 995 gemitus
578 939 663 983 lacere
678 937 780 995 cogitur
795 938 883 997 pbilo-

76 1006 175 1062 sophus
191 1004 307 1061 Stoicus,
327 1018 401 1061 quem
417 1004 485 1051 nihil
506 1004 565 1062 cogi
578 1018 656 1062 posse
670 999 774 1050 dicunt?
810 1005 884 1051 Nihil

76 1085 140 1119 sane
150 1073 237 1129 potest
247 1072 305 1130 cogi
317 1071 357 1117 vir
367 1070 480 1131 sapiens,
491 1086 548 1118 curn
559 1075 598 1116 est
607 1070 718 1117 rationis
729 1071 883 1118 obtinentiae

76 1140 165 1197 locusq
186 1152 243 1185 cum
252 1152 316 1186 vero
327 1141 420 1186 natura
430 1139 507 1201 cogit,
518 1138 587 1184 ratio
598 1151 698 1197 quoque
710 1141 828 1185 enatura
839 1138 884 1185 da-

75 1209 104 1254 ta
114 1206 224 1265 cogitur.
261 1208 364 1260 Quaere
376 1206 461 1267 etiam,
473 1206 496 1251 si
506 1205 618 1263 ridetur,
630 1219 675 1251 cur
686 1205 797 1252 alicuius
806 1219 884 1252 manu

76 1273 110 1323 sd
123 1274 214 1321 oculos
228 1286 289 1319 suos
304 1275 412 1331 repente
431 1273 530 1332 agitata
548 1272 644 1318 invitus
665 1273 816 1328 connivent,
837 1287 884 1320 eur

76 1341 195 1399 fulgente
206 1341 282 1390 coelo
293 1340 424 1388 aluminis
434 1340 504 1387 iactu
514 1355 568 1386 nou
578 1353 625 1406 sua
635 1344 725 1399 sponte
737 1342 763 1386 et
773 1344 883 1399 caputet

14 1427 20 1434 ·
76 1409 170 1456 oculos
182 1408 302 1465 declinet,
323 1421 376 1465 cur,
389 1407 489 1454 tonitru
498 1407 676 1453 vehementius
685 1408 766 1466 lacto,
785 1408 883 1455 sensim

75 1477 214 1536 pavescat,
230 1488 275 1522 cur
285 1474 468 1522 sternumentis
479 1475 619 1534 quatiatur,
636 1487 681 1520 cur
690 1478 735 1521 aut
744 1475 771 1521 iu
782 1475 884 1522 ardori-

75 1544 124 1591 bus
138 1543 204 1590 solis
214 1545 327 1601 aestuet,
348 1542 433 1588 autin
447 1542 549 1600 pruinis
563 1541 715 1587 immanibus
727 1542 881 1601 obrigescat.

77 1613 118 1659 12.
138 1612 209 1658 Haec
218 1610 295 1667 enim,
314 1611 340 1656 et
349 1610 470 1668 pleraque
481 1610 535 1656 alia
541 1641 548 1669 ‚
568 1622 622 1654 non
631 1609 753 1660 voluntas
762 1624 810 1656 nec
820 1623 882 1657 con·

75 1678 164 1725 silium
183 1691 231 1724 neo
249 1677 316 1724 ratio
335 1678 497 1736 moderatur,
518 1677 564 1722 sed
576 1679 684 1726 naturae
702 1678 882 1725 necessitatis·

76 1758 125 1805 que
136 1746 240 1792 decreta
251 1748 319 1791 sunt.
356 1747 395 1790 13.
406 1741 545 1793 Fortitudo
557 1745 642 1794 autem
653 1758 705 1796 nou
716 1759 747 1791 ea
756 1748 804 1807 est,
816 1760 882 1804 quae

76 1815 169 1861 contra
179 1815 305 1872 naturam,
316 1812 425 1858 monstri
437 1811 529 1864 vicem,
539 1811 640 1868 nititur,
651 1812 770 1869 ultraque
778 1814 882 1859 modum

74 1882 132 1928 eius
143 1880 288 1939 egreditur,
306 1885 352 1928 aut
362 1883 468 1938 stupore
479 1879 572 1936 animi,
591 1881 637 1925 aut
646 1878 818 1934 immanitate,
837 1882 882 1925 aut

74 1948 184 2008 quadam
197 1948 293 1994 misere
307 1950 334 1993 et
347 1947 496 1994 necessaria
511 1947 539 1993 in
554 1946 730 2005 perpetiendis
746 1945 880 1992 doloribus

73 2014 279 2064 exercitatione:
299 2015 400 2072 qualem
414 2014 496 2061 luisse
507 2013 652 2071 accepimus
663 2014 747 2059 ferum
757 2012 881 2069 quendam

73 2083 182 2131 inludo
199 2081 315 2128 Caesaris
331 2082 518 2140 gladiatorem3
537 2081 594 2138 qui,
613 2094 670 2127 cum
680 2080 789 2126 vulnera
799 2079 881 2125 eiusa

73 2149 181 2198 medicis
191 2150 387 2205 exsecabantur,
398 2150 484 2195 ridere
495 2148 589 2194 solitus
600 2147 663 2194 luit.
687 2147 732 2192 sed
742 2161 773 2192 ea
782 2160 844 2193 vera
854 2149 881 2192 et

73 2218 155 2279 proba
166 2216 292 2263 fortitudo
301 2222 359 2277 est,
374 2231 449 2275 quam
457 2216 571 2261 maiores
582 2213 664 2260 nostri
672 2213 810 2266 scientiam
821 2227 880 2260 esse

73 2285 198 2332 dixerunt
207 2297 295 2330 rerum
304 2284 496 2337 tolerandarum
508 2285 534 2328 et
548 2295 599 2327 non
610 2281 815 2340 tolerandarumq
838 2282 878 2327 14

72 2366 120 2410 per
134 2351 202 2409 quod
218 2354 337 2409 apparet,
358 2364 415 2397 csse
435 2349 559 2408 quaedam
575 2347 767 2406 intolerabilia,
786 2348 878 2405 quibus

73 2420 157 2465 fortes
177 2417 229 2464 viri
250 2421 295 2464 aut
314 2417 440 2475 obeundis
460 2415 629 2474 abhorreant,
649 2417 693 2462 aut
711 2414 879 2462 sustinendis.

72 2488 114 2532 15.
135 2486 197 2530 eum
211 2484 274 2532 haec
284 2486 384 2539 Taurus
399 2483 522 2545 dixisset,
540 2482 724 2540 videreturque
734 2482 761 2527 in
773 2482 879 2528 eandem

69 2565 128 2605 rem
137 2553 214 2611 plura
224 2552 302 2599 etiam
313 2552 429 2600 dicturus
435 2586 443 2616 ,
458 2554 610 2612 perventum
620 2555 659 2598 est
669 2550 701 2598 ad
711 2549 839 2608 vehicula,
853 2553 880 2595 et

72 2619 280 2668 conscendimus.
