2067 3034
278 136 348 185 ata.
366 134 431 184 XX.
466 136 546 183 GAP.
565 137 607 187 1⁰.
792 134 845 189 459

21 266 92 302 rem
103 251 200 298 sobat-
234 254 259 298 2.
276 251 378 311 Rogavi
388 265 437 311 ego
446 253 545 300 Romae
555 252 761 312 gemmeticam,
775 253 845 303 cela·

22 320 77 369 bri
86 318 220 366 hominem
230 321 306 378 taxea,
317 323 343 365 ct
352 321 435 366 multo
445 320 561 376 nomine,
571 320 632 378 qui-d
641 321 705 367 haec
714 321 795 367 verba
804 335 846 368 es·

24 389 106 435 sent.
144 388 209 434 Tum
224 386 271 432 ille
280 400 320 432 me
331 386 488 444 despiciens:
507 389 561 433 Aut
570 401 655 449 erras,
669 387 764 448 inquit,
774 388 846 434 ado-

23 455 159 517 lescens,
179 456 224 499 aut
233 453 317 511 ludis;
336 454 469 500 remcaim
478 454 560 500 doceo
570 455 776 514 grammaticam,
792 468 846 503 noa

26 521 81 568 ius
92 520 256 579 respondeo:
266 520 290 566 si
302 520 363 578 quid
372 520 454 579 igitur
464 534 499 567 ex
508 521 631 579 Virgilio,
641 522 748 577 Plauto,
757 521 846 569 Ennia

26 601 166 647 quaerere
175 587 253 634 habes
258 619 268 643 ,
287 600 397 645 quaeras
412 588 484 634 lieet.
522 590 545 634 3.
562 589 607 636 Ex
616 587 703 637 Ennio
714 602 789 647 ergo,
803 589 847 635 in·

27 667 131 713 quam,
145 656 193 714 est,
207 654 344 713 magister,
359 654 428 712 quod
438 667 552 712 quaer03
570 655 670 701 Ennius
681 656 750 702 enim
759 655 845 703 verbis

26 722 111 769 hisce
126 734 191 767 usus
205 724 251 768 est.
285 723 310 768 4.
328 723 440 778 cumque
454 722 503 767 ille
517 721 658 768 demiratus
674 722 763 769 aliena
780 723 846 769 haec

28 802 98 837 esse
107 802 124 836 a
133 787 227 847 positis,
238 787 338 834 ethead
349 801 454 844 usquam
463 788 577 837 inveniri
586 790 615 834 ia
624 788 780 836 carminibus
789 789 846 836 Ea·

28 856 80 904 nii
91 855 201 911 diceret,
215 857 270 901 tam
279 868 328 912 ego
338 854 385 901 hos
395 869 486 902 versus
497 867 533 902 ex
543 858 635 903 octavo
646 855 743 901 Annali
753 858 846 903 abeam

30 930 81 971 tes
92 922 164 969 dixi:
179 935 237 968 nam
248 923 317 968 torte
327 935 373 968 eos
383 925 504 982 tanquam
512 922 654 982 insigniter
662 926 766 981 praeter
775 923 845 970 alios

33 992 126 1038 tactos
135 988 311 1036 memineram:

73 1058 192 1105 Pellitur
201 1071 215 1102 o
224 1059 306 1103 medio
315 1058 448 1117 sapientie
453 1074 465 1114 ,·
483 1056 620 1118 vigoritae·
629 1069 682 1105 ree.

74 1125 217 1182 Spernitur
227 1131 322 1171 orator
331 1126 418 1182 douae,
427 1125 550 1172 torridus
561 1125 633 1171 mites
644 1129 760 1171 metor.

73 1192 159 1238 Haud
166 1193 247 1238 doctis
259 1194 332 1238 dictis
343 1198 485 1249 certantes,
495 1206 543 1238 nee
551 1191 704 1253 maledictis,

74 1260 187 1307 Miscent
194 1262 264 1305 inter
275 1272 329 1305 sese
340 1261 489 1306 inimicitiae
500 1260 643 1319 agitantes.

74 1326 135 1372 Non
145 1339 180 1371 ex
190 1326 247 1371 turs
257 1339 357 1371 manem
367 1330 521 1382 consertum,
531 1327 579 1372 sed
584 1340 658 1387 mage
667 1327 743 1385 ferro

75 1393 141 1439 Rem
151 1398 282 1451 repetant,
291 1404 443 1452 regnumque
450 1398 553 1449 petunt,
564 1394 663 1439 rodunt
672 1393 756 1441 solida
766 1394 801 1439 ot.

38 1463 65 1507 5.
87 1459 150 1504 Cum
164 1459 211 1505 hos
226 1471 316 1506 versus
331 1458 467 1504 Ennianos
484 1458 622 1505 dixissem:
643 1459 741 1514 credo,
760 1457 845 1517 inquit

38 1525 231 1586 grammaticus,
241 1525 292 1572 iam
302 1525 359 1572 tibi.
378 1526 429 1572 Sed
439 1528 467 1571 tu
477 1525 558 1572 veiim
568 1527 658 1572 credas
667 1525 739 1586 mihi,
751 1525 781 1580 Q.
788 1526 844 1572 En·

38 1593 114 1641 nium
128 1592 249 1639 didicisse
259 1594 309 1640 hoc
322 1605 375 1639 non
385 1607 419 1640 ex
429 1593 547 1652 poiticae
559 1592 662 1652 literis,¹
677 1593 721 1640 sed
732 1606 766 1639 ex
776 1592 846 1639 iuris‘

40 1660 132 1717 aliquo
143 1659 237 1719 perito.
272 1660 325 1706 Eas
335 1660 416 1719 igitar
426 1662 454 1707 tu
464 1673 575 1722 quoque,
594 1659 692 1722 inquit,
713 1662 738 1706 et
749 1659 844 1715 discas,

38 1727 110 1775 unde
127 1727 228 1774 Ennius
248 1727 348 1774 didicit.
381 1731 405 1774 6.
423 1730 492 1774 Usus
512 1726 624 1774 coasilio
643 1741 699 1773 sum
717 1726 842 1786 magistri,

39 1794 110 1856 quod
120 1794 212 1842 docere
220 1809 261 1842 me
271 1794 326 1853 ipse
338 1796 468 1852 debuerat,
483 1807 499 1840 a
508 1808 559 1852 quo
571 1793 708 1855 discerem,
724 1796 846 1861 praeter·¹

38 1861 216 1910 monstrantis.
238 1864 327 1920 ltaque
339 1862 375 1921 id,
385 1862 453 1920 quod
464 1875 499 1908 ex
509 1861 699 1908 Iureconsultis
710 1874 743 1906 ex
754 1860 842 1906 libris-

40 1943 92 1990 que
106 1942 195 1976 eorum
209 1930 299 1988 didici,
318 1929 485 1977 inserendum
494 1928 535 1974 his
546 1928 737 1974 commentariis
748 1927 843 1973 existi-

39 1995 124 2045 mavi:
144 1997 266 2057 quoniam
279 1997 307 2043 in
321 1997 407 2044 medio
422 1991 510 2043 rerum
525 1999 552 2042 et
564 1995 696 2042 hominum
703 1995 782 2041 vitam
792 1992 837 2054 qui

42 2064 151 2125 colunt,
185 2064 307 2123 ignorare
332 2079 386 2111 noa
412 2065 517 2123 oportet
543 2064 622 2109 rerba
648 2062 779 2109 actionum
805 2059 844 2107 ci·

39 2131 133 2179 vilium
144 2131 294 2179 celebriora.
329 2134 353 2179 Ἰ.
372 2133 481 2181 Menum
490 2144 628 2179 conserere
638 2133 690 2189 est,
705 2130 736 2175 de
753 2143 803 2186 qua
812 2141 841 2174 rc
894 2164 900 2177 .

41 2198 214 2258 disceptatur,
234 2198 264 2245 ia
271 2213 299 2246 re
309 2199 456 2257 praesenti,
476 2201 530 2246 sice
540 2212 617 2259 ager,
636 2200 689 2244 aive
699 2196 761 2257 qaid
768 2194 847 2242 atiud

41 2272 95 2326 eat,
115 2279 171 2310 cum
185 2266 333 2313 adversario
348 2266 426 2312 simul
439 2279 518 2312 mana
532 2265 672 2323 prendere,
693 2266 719 2310 et
733 2263 760 2309 in
771 2275 842 2310 aare

42 2332 161 2380 omnibus
172 2333 257 2378 verbis
267 2333 410 2380 vindicare.
444 2337 469 2379 8.
487 2332 623 2391 Vindicia‚
643 2331 669 2376 id
679 2332 730 2388 cst,
750 2343 841 2376 corre-

42 2399 98 2459 ptio
107 2411 197 2446 manus
207 2399 235 2445 in
244 2411 272 2445 re
283 2402 359 2458 atque
368 2401 396 2446 in
405 2399 466 2447 loco
474 2398 616 2459 praesenti,
623 2397 842 2457 apadPractorem

44 2478 79 2513 ex
89 2465 220 2513 duodecim
229 2467 336 2513 Tabulis
350 2468 437 2522 tiebat,
457 2466 585 2522 inquibus
600 2465 638 2511 ita
651 2464 772 2521 scriptum
788 2465 841 2509 est:

46 2533 83 2579 Sl
108 2532 172 2585 QUI
196 2534 236 2578 ΙΝ
259 2535 349 2580 iURE
372 2535 516 2581 MANUM
535 2531 781 2579 coNsEnUNT.
816 2533 841 2576 9.

46 2597 96 2646 Sed
104 2601 236 2658 postquam
245 2602 382 2648 Praetores
392 2599 542 2661 propagatis
552 2599 645 2646 ltaliae
654 2597 756 2657 finibus,
773 2595 841 2642 datis

46 2664 272 2730 tumdcticaiaus,
277 2670 389 2730 negotiis
400 2667 528 2730 occupati,
533 2666 661 2729 proficisci
669 2663 842 2713 vindicionem
