2067 3034
317 131 386 177 1213.
405 130 453 177 Vi.
490 129 580 176 ΗΡ.
600 130 640 177 13.
830 130 881 182 tbi

75 249 187 295 etiamne
202 247 254 296 ista
265 247 352 294 omniu
363 246 507 306 compositu
519 248 649 295 dicemusl
683 253 709 295 4.
728 250 880 308 Obrepsisse

74 319 161 363 autem
171 315 277 363 videtur
287 315 393 370 Servio,
408 315 451 361 vel
461 314 485 362 si
495 315 553 371 quis
563 314 633 362 aliua
643 316 694 378 est,
716 317 761 374 qni
772 317 796 362 id
807 319 881 375 prior

72 382 152 439 dixit,
158 384 226 430 falsa
236 382 347 441 quidem,
355 383 400 428 sed
408 395 461 429 non
471 383 613 430 abhorrens
623 395 706 441 neque
716 382 880 442 inconcinna,
895 438 905 449 ρ

72 449 147 509 qussi
157 449 251 497 mentis
262 450 385 508 quaedam
394 449 422 496 in
430 449 480 498 boc
489 449 617 497 vocabulo
627 449 794 509 significatio,
811 451 879 498 sicut

71 517 160 565 inercie
176 519 205 566 G.
218 530 321 576 quoque
335 517 457 564 Trebatio
473 518 562 565 eaderu
576 517 737 564 concinnitas
752 519 877 577 obrepsit.

72 588 97 633 b.
108 584 212 634 Nomio
223 584 291 632 libro
301 585 339 632 De
349 584 531 643 Religionibus
541 585 669 631 secundo:
687 585 818 632 Sacellum
829 594 877 646 est,

71 651 166 711 inquit,
175 655 250 699 locus
256 666 361 712 paruus
371 654 417 699 deo
427 658 554 699 sacratus
563 666 619 698 cum
630 666 692 698 aru.
718 652 820 699 Deinde
831 654 878 700 ad-

71 720 110 766 dit
119 721 198 766 verba
207 719 282 767 baec:
294 719 425 766 Sacellum
434 733 470 767 ex
479 721 576 766 sinodus
586 721 670 766 ocrbls
679 721 799 766 arbitror
807 735 877 767 com-

67 787 191 847 positum,
203 789 310 834 sarriet
320 788 403 834 cellae
409 800 422 847 ,·
439 801 514 847 quusi
525 800 606 833 suoru
616 786 694 834 cello.
716 790 741 832 o.
751 788 808 833 Hoc
818 788 876 846 qui-

71 853 127 899 dem
142 852 248 912 scripsit
261 854 415 902 Trebatius:
437 853 482 900 sed
496 853 554 912 quis
567 853 685 911 ignorat,
704 857 829 902 sacellum
848 858 876 902 et

70 919 184 979 simplex
197 921 303 968 verbum
315 933 386 977 esse,
406 924 432 968 et
447 929 500 967 non
514 934 635 969 excurro
651 924 677 968 et
686 924 755 969 ccllu
766 923 874 982 copula-

69 990 133 1047 tum,
144 988 191 1035 sed
201 1001 236 1039 ex
245 1002 323 1037 sucro
335 988 511 1037 deminutumi

317 1109 503 1162 CAPUT
538 1109 627 1161 Xlll.

72 1191 134 1236 ·Ds
147 1190 334 1260 qumtinnssslin
358 1197 423 1259 epuli
438 1194 539 1237 Taurum
550 1192 740 1251 philosophron
729 1208 754 1237 ιιι
768 1192 873 1237 municio

68 1263 71 1268 ·
126 1249 234 1304 agitatis,
243 1263 301 1306 quac
309 1249 598 1305 symposincuevocuntw

69 1325 127 1372 1
145 1324 303 1373 Factitatum
317 1328 530 1384 observatumque
544 1326 595 1374 hoc
608 1326 715 1374 Athenis
731 1329 771 1373 est
785 1326 837 1372 ab
830 1326 872 1384 sis,

68 1392 200 1452 quierant
212 1392 370 1453 philosopho
381 1396 469 1442 Tauro
480 1395 637 1441 iunctiores:
668 1397 692 1440 2.
706 1408 762 1440 cum
772 1393 873 1440 domum

69 1471 144 1507 suom
155 1471 206 1506 nos
220 1464 338 1520 vocaret,
358 1475 391 1508 ne
406 1461 526 1520 omnino,
545 1462 575 1509 nt
585 1460 694 1521 dicitur,
713 1462 836 1508 immunes
848 1464 874 1507 et

68 1526 199 1589 asymboli
215 1529 373 1585 veniremus,
389 1529 598 1576 coniectabamus
612 1528 642 1573 ad
653 1528 802 1587 coenulam,
822 1541 874 1574 non

67 1593 193 1654 cupediae
204 1595 327 1654 ciborum,
338 1597 384 1642 sed
395 1596 510 1655 argutias
522 1594 711 1654 quaestionum.
744 1596 768 1642 3.
786 1597 874 1641 Unus-

66 1661 177 1721 quisque
188 1660 269 1720 igitur
278 1665 397 1709 nostrum
407 1665 566 1709 commentus
576 1665 732 1721 paratusque
742 1662 796 1709 ibat
805 1662 874 1721 quod

66 1731 221 1788 quaereret:
241 1733 346 1786 eratque
365 1730 469 1776 initium
483 1730 616 1790 loquendi,
635 1729 732 1776 edundi
746 1727 863 1776 unies
865 1762 872 1774 .

67 1797 268 1851 Quaerebantur
278 1799 363 1843 autem
372 1811 425 1844 nou
435 1798 525 1855 gravis
534 1810 585 1843 nec
593 1797 750 1864 reserenda,
771 1797 817 1842 sed
833 1794 873 1840 ir-

66 1856 220 1924 θυμήματα
235 1866 360 1921 quaedam
374 1865 462 1923 lepida
476 1868 502 1911 et
514 1865 615 1910 minuta
629 1865 655 1909 et
665 1857 799 1910 florentem
809 1863 872 1909 vino

67 1929 183 1977 animum
193 1930 361 1990 lacessentia;
380 1932 456 1991 quale
467 1932 517 1977 boc
528 1933 609 1977 fernse
619 1931 660 1976 est
669 1929 821 1977 subtilitatis
831 1931 873 1976 ln-

67 1996 165 2055 dicrae,
177 1998 243 2055 quod
257 1998 348 2044 dicam.
383 2002 407 2045 5.
425 1998 578 2050 Quaesitum
587 2000 636 2058 est,
647 1996 747 2056 qnando
757 1997 873 2044 moriens

65 2067 228 2122 moreretur3
254 2078 310 2111 cum
333 2065 385 2112 iam
402 2065 430 2112 in
448 2069 533 2112 morte
551 2067 636 2120 esset,
663 2078 696 2110 an
713 2063 872 2120 tumeliam,

66 2145 125 2178 uum
141 2131 170 2177 in
185 2130 240 2178 vita
253 2133 335 2179 toret:
363 2134 390 2179 et
409 2132 511 2193 qnando
531 2143 640 2190 surgens
658 2134 787 2190 surgeret,
815 2145 872 2179 cum

65 2198 224 2256 inmutaret,
244 2200 446 2259 contumetiam,
466 2213 524 2245 cunr
539 2201 654 2247 sederet:
673 2201 714 2259 et,
733 2200 778 2257 qui
791 2201 872 2246 artem

65 2264 196 2326 disceret,
217 2266 319 2323 quando
329 2268 428 2314 artifex
436 2267 522 2324 tieret3
542 2266 747 2324 cumiamesset,
766 2269 872 2323 antuus,

65 2346 124 2379 cnm
139 2333 217 2379 etism
231 2346 285 2380 non
299 2337 378 2380 esset.
406 2337 431 2380 6.
446 2335 538 2379 Utrum
552 2333 621 2379 enim
630 2333 722 2381 borum
732 2334 811 2394 dieas,
827 2334 872 2380 ab·

65 2400 147 2447 surde
158 2401 236 2458 utque
245 2400 358 2447 ridicule
367 2400 481 2448 dixeris:
495 2401 630 2458 multoque
641 2400 777 2448 absurdius
790 2402 872 2459 [esse]

64 2466 237 2528 'uidebiturmi
246 2470 292 2513 aut
300 2471 436 2527 utrumque
446 2479 504 2514 esse
516 2467 778 2529 dicss,sntneutrnm.
791 2467 875 2513 ⁴l.Sed

62 2548 95 2582 eu
107 2534 197 2582 omnis
209 2548 266 2580 eura
276 2534 410 2592 captiones
417 2548 475 2581 esse
485 2533 589 2592 quidam
598 2535 687 2581 futiles
698 2537 724 2580 et
734 2535 824 2580 inanes
835 2534 875 2579 di·

62 2604 169 2648 cerent:
189 2602 283 2661 Nolite,
300 2602 385 2659 inquit
395 2603 507 2662 Taurus,
523 2602 590 2649 lineo
600 2604 677 2662 quusi
684 2615 811 2661 uirgarum
821 2602 874 2646 ull·

61 2683 142 2731 quem
156 2668 244 2716 ludusa
259 2671 414 2730 aspersuri·
447 2672 471 2716 8.
497 2669 655 2717 Gravissimi
661 2667 874 2729 philoroplorun
