2067 3034
321 185 402 234 n1u.
424 184 489 235 xv.
523 185 610 250 cnr.
628 189 653 234 o.
841 181 893 235 841

86 315 180 351 ruram
186 303 274 350 cotom
282 308 361 364 atque
369 303 656 364 alttttom‚ntsttcntam
667 308 864 364 apportatum
874 321 893 351 a

85 372 225 419 cluniculis
233 371 445 432 infertors'parte
455 368 631 431 colorificat,
646 373 787 422 concivium
794 377 894 430 patant

86 439 177 496 s'aopio
193 439 315 486 sordere:
334 439 494 498 superiorem
504 445 611 499 partem
628 440 714 486 arium
728 445 809 498 atque
827 438 892 484 alti·

88 504 208 570 litemque·
215 507 301 562 edant,
312 518 355 552 eos
361 506 486 569 palatum
495 503 547 552 non
556 505 669 552 habere:
687 507 714 553 εἰ
718 507 891 565 proportione

86 571 201 619 laroma
207 575 297 633 pergit
304 586 429 633 creseere,
440 574 503 638 quid
509 574 732 634 r·els'nqas‘tar,ntss'
740 577 771 619 at
779 572 893 619 delibari

86 640 141 686 as‘bs‘
154 642 382 695 commisceant,
399 655 431 686 ne
445 641 541 688 edendo
554 636 754 703 defatigantur?
788 639 890 701 quando

86 711 191 753 stratus
201 721 281 765 aare,
298 712 416 768 urgento,
427 721 562 768 purpura,
576 710 690 767 amplior
699 708 803 770 aliquot
809 707 891 754 homi-

85 774 170 838 attus,
180 788 256 836 quam
266 776 315 824 diis
324 776 527 838 immortalibus,
537 776 712 825 adornantur.

351 909 373 960 C
388 909 412 962 Δ
428 907 452 961 Ρ
469 910 494 962 U
512 911 537 962 T
572 908 626 962 IX.

114 981 180 1033 Quod
194 981 304 1030 Caecilius
317 989 394 1041 poeto
402 984 539 1042 frontem
552 999 633 1042 genere
650 982 714 1029 virio·
730 997 779 1028 stoa
787 982 887 1041 poetice,

141 1043 180 1083 sed
187 1041 384 1097 comprobatione
392 1048 417 1086 et
427 1056 477 1085 cum
487 1041 602 1098 analogia
611 1040 749 1099 appellauit

119 1117 143 1162 l.
160 1116 228 1163 Vere
239 1129 269 1164 ac
279 1118 374 1178 diserte
385 1118 516 1166 Caecilius
525 1118 575 1165 hoc
584 1118 612 1166 iu
622 1117 759 1166 Subditivo
770 1116 889 1176 scripsit:

116 1182 185 1230 Nam
193 1185 216 1230 ti
222 1193 282 1232 sant
292 1187 389 1234 intortus·
393 1189 516 1247 pessumi,
516 1187 612 1248 fronte
618 1185 707 1233 hilaro
708 1217 717 1243 ,
723 1187 800 1232 eorde
808 1186 889 1244 tristi,

118 1252 190 1309 Quos
198 1267 279 1313 aeque
289 1259 320 1300 ut
328 1256 482 1315 apprendere
490 1268 572 1315 neque
582 1255 719 1315 amittas,
731 1255 808 1299 scias.

83 1320 110 1365 2.
127 1319 182 1365 Hos
197 1332 245 1378 ego
260 1333 366 1380 versus,
387 1335 443 1368 cum
458 1321 489 1368 de
504 1321 614 1380 quodam
623 1319 771 1368 istiusmodi
783 1317 889 1366 homino

82 1396 217 1432 sermones
233 1389 334 1442 essent,
353 1388 380 1433 in
397 1388 494 1435 circulo
511 1390 580 1435 torte
593 1388 716 1436 iuvenum
730 1386 890 1434 eruditorum

84 1451 150 1500 dixi.
185 1455 209 1499 3.
234 1454 300 1500 Tum
314 1455 345 1508 de
360 1454 585 1513 grammaticorum
600 1456 679 1514 vulgo
695 1454 823 1513 quispiam
840 1467 890 1500 no·

83 1520 184 1567 hiscum
192 1518 229 1566 ibi
239 1521 372 1583 assistens,
382 1536 436 1569 non
446 1535 508 1569 sanc
519 1521 657 1580 ignobilis:
674 1524 785 1582 Quanta,
795 1521 889 1578 inquit,

82 1587 192 1634 licentia
202 1587 360 1647 audaciaque
372 1589 502 1636 Caecilius
512 1589 556 1637 hic
566 1590 625 1650 fuit,
636 1604 693 1636 cum
696 1589 792 1651 fronte
800 1588 888 1636 hilaro

81 1667 137 1700 uon
140 1655 236 1715 fronte
246 1654 340 1702 hilara
350 1655 425 1715 dixit,
437 1660 463 1703 et
474 1653 548 1721 [tam]
559 1657 695 1703 immanem
705 1655 889 1703 soloecismum

81 1721 152 1769 nihil
168 1722 266 1768 veritus
281 1727 336 1770 esti
362 1726 386 1769 4.
397 1725 485 1782 Immo,
496 1726 610 1783 inquam,
620 1726 707 1784 potius
717 1738 765 1770 nos
777 1727 803 1770 et
813 1738 889 1782 quam

81 1789 194 1836 audaces
204 1792 230 1835 et
240 1803 314 1847 quam
323 1791 432 1839 licentes
444 1806 539 1852 sumus,
545 1792 589 1849 qui
593 1792 713 1854 frontem
721 1792 836 1851 improbe
848 1791 888 1838 in-

82 1857 211 1915 docteque
220 1870 273 1903 non
283 1857 355 1904 virili
367 1872 462 1916 genere
473 1859 654 1917 dicimus,cum
663 1862 689 1905 et
698 1860 766 1905 ratio
777 1871 889 1918 propera

80 1923 174 1982 tionis,
180 1937 245 1981 quae
256 1926 383 1986 analogia
392 1927 548 1985 appellatur,
555 1928 581 1971 et
590 1930 708 1972 veterum
718 1926 887 1972 auctoritates

80 2004 136 2037 uon
145 1991 220 2050 tanc,
227 1991 569 2054 sedtuncfrontemdebere
576 1993 627 2040 dici
634 1992 768 2041 suadeant.
779 1992 887 2050 &Quip-

81 2072 115 2119 pe
125 2060 161 2105 M.
174 2059 237 2105 Cato
248 2060 275 2106 in
287 2060 376 2117 quinto
388 2061 525 2120 Originum
535 2060 572 2106 ita
583 2060 699 2119 scripsit:
710 2059 840 2107 Postridie
850 2062 887 2106 as*-

68 2128 140 2187 μία
149 2127 263 2182 collatis,
273 2142 356 2189 aequo
360 2127 465 2189 fronte,
471 2129 603 2187 peditatu,
610 2129 734 2188 equitibus
745 2134 824 2187 atque
833 2126 887 2173 olis

80 2207 138 2239 cum
152 2193 262 2241 hostium
278 2195 417 2256 legionibus
424 2198 563 2255 pugnavit.
597 2197 676 2242 Recto
687 2207 786 2251 quoque
790 2194 885 2255 fronte

80 2260 151 2307 idem
162 2262 225 2308 Cato
241 2263 331 2308 eodem
347 2262 374 2307 in
389 2262 459 2309 libro
476 2262 548 2309 dicit.
585 2265 609 2308 6.
628 2263 662 2308 At
672 2261 719 2307 ille
730 2260 886 2308 semidoctus

79 2329 275 2388 grammaticus:
293 2330 400 2385 Missas,
415 2328 512 2387 inquit,
528 2328 696 2376 auctoritates
711 2328 803 2376 focius:
823 2342 885 2386 quas

79 2395 185 2454 quidem
202 2400 231 2443 ut
246 2397 350 2452 labeas,
370 2409 448 2454 posse
462 2395 521 2443 deri
536 2400 611 2456 put03
631 2397 675 2442 sed
690 2397 820 2443 rationem
835 2396 886 2452 dic,

80 2476 157 2523 quam
166 2475 219 2509 non
229 2464 315 2509 habes.
350 2464 374 2507 t.
392 2465 476 2520 Atque
486 2476 545 2522 ego,
561 2463 603 2511 hls
614 2463 671 2510 eius
680 2464 776 2519 verbis,
792 2465 822 2509 ut
832 2466 887 2530 tum

80 2529 181 2578 resecat
191 2531 272 2590 aetas,
283 2529 423 2576 irritatior:
439 2525 522 2592 Audi,
534 2531 645 2590 inquam,
655 2530 690 2576 mi
700 2532 832 2590 magister,
842 2542 885 2575 ra·

78 2596 181 2645 tionem
189 2596 284 2644 falsam
293 2596 403 2655 quidem,
419 2596 465 2643 sed
474 2610 550 2654 quam
560 2599 715 2656 redarguere
726 2599 817 2644 falsam
828 2600 886 2642 ess's

77 2667 108 2710 tu
118 2677 172 2711 non
181 2675 269 2723 queas.
306 2664 329 2710 8.
348 2663 449 2722 Omnia,
465 2663 582 2726 inquam,
594 2666 722 2712 vocabula
732 2659 815 2712 tribus
824 2663 889 2709 lits·

79 2730 119 2779 ris
133 2731 218 2794 finita,
238 2731 330 2789 quibus
337 2734 418 2798 frons
433 2731 532 2795 finitur,
551 2733 656 2793 generis
668 2730 808 2783 masculini
818 2729 887 2787 sunl,
