2067 3034
154 132 190 198 ρο
409 134 518 184 suus
553 133 713 181 ononis

155 254 244 301 losum
256 251 366 301 direetis
379 252 580 314 cogitabundus,
600 254 722 309 tanquam
735 251 846 309 quodam
859 261 957 300 secessu

154 321 249 369 mentIs
263 323 340 381 atque
354 321 433 368 animi
445 322 514 367 iacto
525 333 541 366 a
550 331 669 377 corpore.
705 319 730 365 3.
749 319 895 375 Quamrem
904 333 958 368 eun

155 387 316 445 Favorinus,
336 390 368 435 de
382 387 536 435 tortitudine
550 388 607 432 eius
624 386 676 432 viri
691 387 723 431 ut
739 385 864 446 pleraque
880 387 960 435 disse·

154 468 230 516 rens,
250 454 392 515 attigisset:
412 449 560 511 Πολλάκις,
587 453 686 513 inquit,
706 450 732 505 ii
749 446 825 512 ἡλίου
840 451 877 507 εἰς
890 447 962 515 ἥλιον

155 518 257 584 ἱστήκει
276 517 482 585 ἄστραβέστιρος
501 519 553 566 τῶν
572 519 699 583 πρέμνων.
736 520 961 579 aucupemus

154 602 257 649 quoque
267 603 325 635 eum
336 588 417 636 tuisse
430 591 504 636 tantu
516 588 641 635 traditum
651 589 703 645 est,
720 589 752 633 ut
760 586 848 634 omnin
858 589 912 637 tere
922 587 961 636 vi·

147 661 198 703 tue
207 669 270 703 suae
280 659 398 716 tempora
406 656 559 703 valetudine
569 655 699 702 inoffensa
708 653 817 701 vixerit.
853 659 878 702 b.
888 658 918 703 in
927 656 960 704 il-

154 725 208 771 tius
219 723 298 771 etiam
307 724 478 783 pestilentiae
487 723 622 782 vastitate,
637 736 702 781 quae
712 721 740 767 in
750 721 822 769 bello
831 722 962 782 Pelopon·

154 791 260 838 nesiaeo
276 792 305 838 in
322 791 413 851 primis
427 792 510 851 ipsam
523 790 722 843 Atheniensium
735 789 868 835 eivitstem
880 790 961 838 inter·

154 859 249 905 nerino
264 872 359 917 genere
372 860 457 907 morbi
471 859 629 917 depopulata
639 860 690 916 est,
706 857 729 901 is
741 856 864 914 parcendi
873 858 961 905 mode-

152 925 279 984 randique
290 927 435 974 rationibus
447 927 543 973 dieitur
552 929 602 971 eta
613 925 776 983 voluptatum
785 923 844 969 lube
853 925 961 981 cavisse,

154 995 181 1038 et
192 993 360 1040 salubritates
371 995 488 1055 eorporis
498 993 651 1055 retinuisse,
670 995 699 1038 ut
708 1004 869 1049 nequaquam
883 993 963 1043 tuerit

155 1061 284 1107 eommuni
295 1061 409 1108 omnium
420 1062 488 1108 eladi
497 1059 637 1108 obnoxius.

427 1159 616 1215 CAPUT
651 1159 691 1211 11.

183 1237 245 1288 Quos
254 1236 317 1281 ratio
332 1236 507 1295 observatioque
518 1235 646 1294 officiuntur
658 1252 704 1282 esse
719 1238 801 1284 debeat
813 1236 873 1284 ister
880 1244 961 1295 putres

204 1293 314 1350 filiosque
327 1293 352 1335 iu
362 1293 518 1337 dumnsdendo
533 1296 682 1350 sedendoque,
702 1301 770 1352 utque
780 1296 805 1339 iu
813 1295 840 1338 s'd
846 1308 915 1350 gersus
925 1308 961 1336 re·

208 1351 248 1392 dus
264 1348 457 1408 demissusque,
476 1347 559 1403 ss‘fils‘s'
570 1352 721 1405 magistratus
731 1357 814 1395 uertet
820 1357 901 1407 putres
907 1350 962 1406 prs'·

208 1405 271 1449 euti:
289 1419 403 1506 superque
417 1420 445 1448 eu
459 1419 484 1448 re
501 1406 576 1448 Tauri
582 1406 723 1462 philosophi
731 1406 871 1459 danmatio,
888 1412 961 1450 etes-

209 1464 310 1519 smplum
319 1476 348 1506 eu
374 1461 458 1506 istoria
467 1462 577 1505 Romeua
584 1463 692 1520 petitum.

188 1539 212 1584 1.
230 1539 270 1584 Ad
283 1539 465 1598 philosophum
479 1540 594 1585 Taurum
608 1540 735 1601 Athenas,
752 1539 855 1587 visendi
864 1553 963 1599 eogno-

153 1605 292 1662 seendique
303 1606 359 1653 eius
371 1608 464 1666 grstia,
475 1610 583 1653 venerat
591 1608 623 1653 V.
635 1608 675 1652 Gi.
684 1620 789 1665 praeses
798 1609 890 1654 cretae
900 1621 963 1666 pro-

152 1673 267 1720 vinciae:
280 1676 307 1720 et
316 1689 373 1721 eum
382 1687 414 1721 eo
424 1674 502 1720 simul
512 1674 759 1733 eiusdempraesidis
765 1678 847 1734 pater.
865 1676 963 1722 Παυ-

152 1753 208 1799 rus,
222 1742 393 1788 sectatoribus
404 1740 564 1788 commodum
574 1742 700 1802 dimissis,
716 1744 823 1789 sedebat
831 1754 878 1800 pro
890 1741 964 1789 eubi-

154 1807 208 1854 euli
217 1807 259 1854 sui
269 1809 377 1866 toribus,
389 1809 416 1855 et
426 1823 483 1855 oum
493 1808 675 1855 assistentibus
685 1811 760 1856 nobis
772 1808 964 1856 sermocinaba-

153 1878 205 1921 tur.
242 1876 266 1921 8.
284 1875 408 1923 Introivit
421 1876 572 1934 provinciae
586 1890 703 1935 praeses,
721 1880 818 1924 etcum
832 1889 864 1923 eo
879 1879 963 1935 pater.

84 1944 88 1955 '
153 1944 179 1987 4.
197 1944 351 1991 Assurrexit
365 1943 468 2000 placide
483 1944 600 1989 Taurus:
619 1947 720 2002 etpost
734 1943 964 1991 mutuamssluta·

152 2009 252 2055 tionem
264 2010 372 2058 resedit.
407 2013 431 2056 d.
449 2010 538 2057 Allata
550 2024 613 2057 mox
631 2025 684 2058 uua
698 2013 766 2059 seila
779 2014 834 2074 est,
856 2010 965 2069 quaein

154 2078 257 2135 promtu
271 2081 339 2135 erat,
358 2078 448 2137 atque,
467 2077 528 2127 dum
542 2077 612 2126 aliae
627 2080 824 2138 promebantur,
842 2077 966 2138 apposita

153 2145 203 2190 est.
221 2146 455 2192 lnvituvitTaurus
465 2145 565 2204 patrem
574 2146 710 2205 praesidis,
715 2147 745 2193 ut
755 2147 865 2193 sederet.
885 2146 965 2192 ont-

155 2223 204 2267 que
219 2210 267 2258 ille
282 2213 334 2259 uit:
352 2212 451 2260 Sedent
459 2212 501 2258 tie
506 2215 612 2274 potius,
631 2215 678 2273 qui
682 2214 778 2274 populi
786 2214 900 2260 Romani
908 2228 965 2259 rua·

151 2280 282 2339 gistratus
293 2286 339 2326 est.
374 2281 399 2326 ’1.
417 2279 518 2340 Absque
523 2281 701 2341 praeiudicio,
716 2281 802 2339 inquit
812 2282 925 2338 Taurus,
936 2287 966 2327 tu

153 2348 257 2392 interea
266 2346 325 2392 setis
330 2376 340 2402 ,
355 2346 414 2393 dum
425 2349 574 2407 inspicimus
583 2350 789 2410 quaerimusque,
803 2354 890 2394 utrum
902 2361 967 2394 eon-

154 2415 252 2472 seuiut,
272 2415 534 2472 tempotiussedere,
554 2417 737 2475 quiputeres‚
757 2411 897 2475 aufidium,
918 2416 970 2476 qui

153 2481 327 2540 magistratus
337 2487 385 2527 est.
420 2484 444 2526 8.
464 2481 508 2536 Et,
529 2494 586 2527 eum
600 2484 675 2541 pater
689 2482 837 2539 assedisset,
858 2482 968 2542 apposi-

153 2550 257 2605 tumque
269 2549 338 2593 esset
347 2546 420 2593 aliud
430 2547 484 2593 tilio
496 2561 596 2606 quoque
612 2549 668 2594 eius
679 2550 773 2607 sedile,
791 2550 870 2595 verba
883 2562 968 2608 super

154 2625 186 2659 aa
195 2627 225 2660 re
234 2614 338 2662 Taurus
351 2612 415 2660 tacit
425 2627 482 2660 eum
490 2627 597 2675 summa,
609 2616 636 2661 di
645 2615 722 2663 boni!
743 2615 872 2662 honorum
885 2619 967 2674 utque

154 2680 297 2728 officiorum
306 2680 514 2741 perpensatione.
552 2685 576 2729 9.
595 2682 693 2730 Eorum
708 2684 846 2733 verborum
856 2687 967 2731 seuten-
