<?xml version="1.0" encoding="UTF-8"?>
<!DOCTYPE html PUBLIC "-//W3C//DTD XHTML 1.0 Transitional//EN"
    "http://www.w3.org/TR/xhtml1/DTD/xhtml1-transitional.dtd">
<html xmlns="http://www.w3.org/1999/xhtml" xml:lang="en" lang="en">
 <head>
  <title>
</title>
<meta http-equiv="Content-Type" content="text/html;charset=utf-8" />
  <meta name='ocr-system' content='tesseract 3.04.00' />
  <meta name='ocr-capabilities' content='ocr_page ocr_carea ocr_par ocr_line ocrx_word'/>
</head>
<body>
  <div class='ocr_page' id='page_1' title='image "auligelliinocte04gellgoog_0364.png"; bbox 0 0 2067 3034; ppageno 0'>
   <div class='ocr_carea' id='block_1_1' title="bbox 171 126 725 182">
    <p class='ocr_par' dir='ltr' id='par_1_1' title="bbox 171 126 725 182">
     <span class='ocr_line' id='line_1_1' title="bbox 171 126 725 182; baseline -0.018 0"><span class='ocrx_word' id='word_1_1' title='bbox 171 126 224 182; x_wconf 70' lang='lat'><strong>848</strong></span> <span class='ocrx_word' id='word_1_2' title='bbox 421 127 530 178; x_wconf 75' lang='lat' dir='ltr'><strong>aum</strong></span> <span class='ocrx_word' id='word_1_3' title='bbox 565 127 725 177; x_wconf 66' lang='lat' dir='ltr'><strong>aaran</strong></span> 
     </span>
    </p>
   </div>
   <div class='ocr_carea' id='block_1_2' title="bbox 171 244 989 845">
    <p class='ocr_par' dir='ltr' id='par_1_2' title="bbox 171 244 989 845">
     <span class='ocr_line' id='line_1_2' title="bbox 171 244 987 309; baseline -0.007 -12"><span class='ocrx_word' id='word_1_4' title='bbox 171 247 274 309; x_wconf 88' lang='lat' dir='ltr'><strong>proelio</strong></span> <span class='ocrx_word' id='word_1_5' title='bbox 292 246 456 305; x_wconf 72' lang='lat' dir='ltr'>venaretur,</span> <span class='ocrx_word' id='word_1_6' title='bbox 474 260 562 294; x_wconf 85' lang='lat' dir='ltr'><strong>coram</strong></span> <span class='ocrx_word' id='word_1_7' title='bbox 574 244 664 292; x_wconf 78' lang='lat' dir='ltr'><strong>ridere</strong></span> <span class='ocrx_word' id='word_1_8' title='bbox 677 256 736 293; x_wconf 83' lang='lat' dir='ltr'><strong>sese</strong></span> <span class='ocrx_word' id='word_1_9' title='bbox 749 244 920 293; x_wconf 83' lang='lat' dir='ltr'><strong>vociferatus</strong></span> <span class='ocrx_word' id='word_1_10' title='bbox 938 249 987 305; x_wconf 58' lang='grc' dir='ltr'><strong>ειη</strong></span> 
     </span>
     <span class='ocr_line' id='line_1_3' title="bbox 172 312 988 375; baseline -0.005 -11"><span class='ocrx_word' id='word_1_11' title='bbox 172 319 305 375; x_wconf 85' lang='lat' dir='ltr'><strong>acpostea</strong></span> <span class='ocrx_word' id='word_1_12' title='bbox 319 315 405 361; x_wconf 91' lang='lat' dir='ltr'><strong>subito</strong></span> <span class='ocrx_word' id='word_1_13' title='bbox 420 313 593 370; x_wconf 83' lang='lat' dir='ltr'><strong>exclamavit,</strong></span> <span class='ocrx_word' id='word_1_14' title='bbox 613 314 750 359; x_wconf 81' lang='lat' dir='ltr'><strong>Gaesarem</strong></span> <span class='ocrx_word' id='word_1_15' title='bbox 762 312 874 359; x_wconf 75' lang='lat' dir='ltr'><strong>vicisse.</strong></span> <span class='ocrx_word' id='word_1_16' title='bbox 915 315 941 359; x_wconf 82' lang='lat'><strong>3.</strong></span> <span class='ocrx_word' id='word_1_17' title='bbox 960 315 988 360; x_wconf 80' lang='lat' dir='ltr'><strong>m</strong></span> 
     </span>
     <span class='ocr_line' id='line_1_4' title="bbox 173 379 989 442; baseline -0.004 -12"><span class='ocrx_word' id='word_1_18' title='bbox 173 383 290 430; x_wconf 78' lang='lat' dir='ltr'><strong>Cornelii</strong></span> <span class='ocrx_word' id='word_1_19' title='bbox 305 381 449 442; x_wconf 78' lang='lat' dir='ltr'><strong>sacerdotia</strong></span> <span class='ocrx_word' id='word_1_20' title='bbox 461 380 605 427; x_wconf 74' lang='lat' dir='ltr'><strong>hariolatio</strong></span> <span class='ocrx_word' id='word_1_21' title='bbox 619 379 688 427; x_wconf 85' lang='lat' dir='ltr'><strong>levia</strong></span> <span class='ocrx_word' id='word_1_22' title='bbox 698 382 752 425; x_wconf 88' lang='lat' dir='ltr'><strong>tum</strong></span> <span class='ocrx_word' id='word_1_23' title='bbox 762 380 868 437; x_wconf 87' lang='lat' dir='ltr'><strong>quidem</strong></span> <span class='ocrx_word' id='word_1_24' title='bbox 881 380 945 427; x_wconf 80' lang='lat' dir='ltr'><strong>risa</strong></span> <span class='ocrx_word' id='word_1_25' title='bbox 954 385 989 427; x_wconf 82' lang='lat' dir='ltr'><strong>eu</strong></span> 
     </span>
     <span class='ocr_line' id='line_1_5' title="bbox 173 446 988 508; baseline -0.005 -11"><span class='ocrx_word' id='word_1_26' title='bbox 173 454 201 498; x_wconf 84' lang='lat' dir='ltr'><strong>et</strong></span> <span class='ocrx_word' id='word_1_27' title='bbox 211 463 316 497; x_wconf 77' lang='lat' dir='ltr'><strong>vecors:</strong></span> <span class='ocrx_word' id='word_1_28' title='bbox 335 462 442 508; x_wconf 82' lang='lat' dir='ltr'><strong>maguae</strong></span> <span class='ocrx_word' id='word_1_29' title='bbox 451 462 515 495; x_wconf 87' lang='lat' dir='ltr'><strong>mox</strong></span> <span class='ocrx_word' id='word_1_30' title='bbox 526 446 695 494; x_wconf 73' lang='lat' dir='ltr'><strong>admirationi</strong></span> <span class='ocrx_word' id='word_1_31' title='bbox 705 447 768 506; x_wconf 81' lang='lat' dir='ltr'><strong>tuit,</strong></span> <span class='ocrx_word' id='word_1_32' title='bbox 784 448 855 504; x_wconf 85' lang='lat' dir='ltr'><strong>quod</strong></span> <span class='ocrx_word' id='word_1_33' title='bbox 865 462 926 494; x_wconf 91' lang='lat' dir='ltr'><strong>non</strong></span> <span class='ocrx_word' id='word_1_34' title='bbox 937 460 988 494; x_wconf 89' lang='lat' dir='ltr'><strong>mo-</strong></span> 
     </span>
     <span class='ocr_line' id='line_1_6' title="bbox 175 514 987 576; baseline -0.005 -11"><span class='ocrx_word' id='word_1_35' title='bbox 175 519 209 565; x_wconf 89' lang='lat' dir='ltr'><strong>do</strong></span> <span class='ocrx_word' id='word_1_36' title='bbox 223 530 325 576; x_wconf 77' lang='lat' dir='ltr'><strong>pugnae</strong></span> <span class='ocrx_word' id='word_1_37' title='bbox 339 516 409 574; x_wconf 88' lang='lat' dir='ltr'><strong>dies,</strong></span> <span class='ocrx_word' id='word_1_38' title='bbox 428 529 493 573; x_wconf 86' lang='lat' dir='ltr'><strong>quae</strong></span> <span class='ocrx_word' id='word_1_39' title='bbox 505 515 534 561; x_wconf 92' lang='lat' dir='ltr'><strong>in</strong></span> <span class='ocrx_word' id='word_1_40' title='bbox 544 514 681 561; x_wconf 80' lang='lat' dir='ltr'><strong>Thessalia</strong></span> <span class='ocrx_word' id='word_1_41' title='bbox 695 517 886 572; x_wconf 68' lang='lat' dir='ltr'><strong>pugnatam,</strong></span> <span class='ocrx_word' id='word_1_42' title='bbox 907 528 987 572; x_wconf 79' lang='lat' dir='ltr'><strong>neque</strong></span> 
     </span>
     <span class='ocr_line' id='line_1_7' title="bbox 173 580 987 644; baseline -0.005 -13"><span class='ocrx_word' id='word_1_43' title='bbox 173 585 271 644; x_wconf 89' lang='lat' dir='ltr'><strong>proelii</strong></span> <span class='ocrx_word' id='word_1_44' title='bbox 281 584 378 641; x_wconf 80' lang='lat' dir='ltr'><strong>exitus,</strong></span> <span class='ocrx_word' id='word_1_45' title='bbox 389 582 433 640; x_wconf 86' lang='lat' dir='ltr'><strong>qui</strong></span> <span class='ocrx_word' id='word_1_46' title='bbox 443 584 499 629; x_wconf 91' lang='lat' dir='ltr'><strong>erat</strong></span> <span class='ocrx_word' id='word_1_47' title='bbox 508 582 668 640; x_wconf 85' lang='lat' dir='ltr'><strong>praedictus,</strong></span> <span class='ocrx_word' id='word_1_48' title='bbox 678 580 746 627; x_wconf 87' lang='lat' dir='ltr'><strong>idem</strong></span> <span class='ocrx_word' id='word_1_49' title='bbox 756 580 820 627; x_wconf 81' lang='lat' dir='ltr'><strong>fuit:</strong></span> <span class='ocrx_word' id='word_1_50' title='bbox 837 581 890 629; x_wconf 86' lang='lat' dir='ltr'><strong>aed</strong></span> <span class='ocrx_word' id='word_1_51' title='bbox 900 595 987 627; x_wconf 87' lang='lat' dir='ltr'><strong>onmes</strong></span> 
     </span>
     <span class='ocr_line' id='line_1_8' title="bbox 174 648 987 710; baseline -0.004 -12"><span class='ocrx_word' id='word_1_52' title='bbox 174 665 277 710; x_wconf 84' lang='lat' dir='ltr'><strong>quoque</strong></span> <span class='ocrx_word' id='word_1_53' title='bbox 290 650 423 709; x_wconf 80' lang='lat' dir='ltr'><strong>pugnandi</strong></span> <span class='ocrx_word' id='word_1_54' title='bbox 436 650 588 708; x_wconf 72' lang='lat' dir='ltr'><strong>reciprocae</strong></span> <span class='ocrx_word' id='word_1_55' title='bbox 602 648 686 704; x_wconf 79' lang='lat' dir='ltr'><strong>vices,</strong></span> <span class='ocrx_word' id='word_1_56' title='bbox 706 649 733 693; x_wconf 87' lang='lat' dir='ltr'><strong>et</strong></span> <span class='ocrx_word' id='word_1_57' title='bbox 746 648 804 707; x_wconf 80' lang='lat' dir='ltr'><strong>ipra</strong></span> <span class='ocrx_word' id='word_1_58' title='bbox 817 649 987 697; x_wconf 74' lang='lat' dir='ltr'><strong>exercituum</strong></span> 
     </span>
     <span class='ocr_line' id='line_1_9' title="bbox 177 714 986 773; baseline 0 -8"><span class='ocrx_word' id='word_1_59' title='bbox 177 719 289 765; x_wconf 87' lang='lat' dir='ltr'><strong>duorum</strong></span> <span class='ocrx_word' id='word_1_60' title='bbox 304 717 462 764; x_wconf 77' lang='lat' dir='ltr'><strong>conflictatio</strong></span> <span class='ocrx_word' id='word_1_61' title='bbox 476 714 646 764; x_wconf 77' lang='lat' dir='ltr'><strong>vaticinantia</strong></span> <span class='ocrx_word' id='word_1_62' title='bbox 661 717 735 763; x_wconf 87' lang='lat' dir='ltr'><strong>mota</strong></span> <span class='ocrx_word' id='word_1_63' title='bbox 748 718 827 773; x_wconf 79' lang='lat' dir='ltr'><strong>atqua</strong></span> <span class='ocrx_word' id='word_1_64' title='bbox 841 718 937 765; x_wconf 80' lang='lat' dir='ltr'><strong>verbis</strong></span> <span class='ocrx_word' id='word_1_65' title='bbox 951 730 986 764; x_wconf 81' lang='lat' dir='ltr'><strong>re·</strong></span> 
     </span>
     <span class='ocr_line' id='line_1_10' title="bbox 176 787 399 845; baseline -0.004 -13"><span class='ocrx_word' id='word_1_66' title='bbox 176 787 342 845; x_wconf 85' lang='lat' dir='ltr'><strong>praesentata</strong></span> <span class='ocrx_word' id='word_1_67' title='bbox 352 787 399 832; x_wconf 85' lang='lat' dir='ltr'><strong>est.</strong></span> 
     </span>
    </p>
   </div>
   <div class='ocr_carea' id='block_1_3' title="bbox 208 870 985 1000">
    <p class='ocr_par' dir='ltr' id='par_1_3' title="bbox 208 870 985 1000">
     <span class='ocr_line' id='line_1_11' title="bbox 425 870 736 926; baseline -0.006 0"><span class='ocrx_word' id='word_1_68' title='bbox 425 875 447 926; x_wconf 80' lang='lat' dir='ltr'><strong>G</strong></span> <span class='ocrx_word' id='word_1_69' title='bbox 464 873 487 923; x_wconf 79' lang='lat' dir='ltr'>A</span> <span class='ocrx_word' id='word_1_70' title='bbox 503 872 527 924; x_wconf 86' lang='grc' dir='ltr'><strong>Ρ</strong></span> <span class='ocrx_word' id='word_1_71' title='bbox 545 872 571 923; x_wconf 78' lang='lat' dir='ltr'><strong>l}</strong></span> <span class='ocrx_word' id='word_1_72' title='bbox 588 872 614 922; x_wconf 91' lang='lat' dir='ltr'>T</span> <span class='ocrx_word' id='word_1_73' title='bbox 648 870 736 924; x_wconf 80' lang='lat' dir='ltr'>XIX.</span> 
     </span>
     <span class='ocr_line' id='line_1_12' title="bbox 208 938 985 1000; baseline 0.001 -17"><span class='ocrx_word' id='word_1_74' title='bbox 208 939 284 984; x_wconf 78' lang='lat' dir='ltr'><strong>Verba</strong></span> <span class='ocrx_word' id='word_1_75' title='bbox 292 940 327 983; x_wconf 82' lang='grc' dir='ltr'><strong>Μ.</strong></span> <span class='ocrx_word' id='word_1_76' title='bbox 340 940 455 986; x_wconf 75' lang='lat' dir='ltr'><strong>Varronis</strong></span> <span class='ocrx_word' id='word_1_77' title='bbox 464 940 576 984; x_wconf 78' lang='lat' dir='ltr'><strong>mentoria</strong></span> <span class='ocrx_word' id='word_1_78' title='bbox 584 940 666 995; x_wconf 61' lang='lat' dir='ltr'><strong>diana,</strong></span> <span class='ocrx_word' id='word_1_79' title='bbox 674 955 704 984; x_wconf 78' lang='lat' dir='ltr'><strong>ea</strong></span> <span class='ocrx_word' id='word_1_80' title='bbox 712 945 804 998; x_wconf 73' lang='lat' dir='ltr'><strong>satyra,</strong></span> <span class='ocrx_word' id='word_1_81' title='bbox 811 954 874 1000; x_wconf 76' lang='lat' dir='ltr'><strong>quae</strong></span> <span class='ocrx_word' id='word_1_82' title='bbox 884 938 985 984; x_wconf 66' lang='lat' dir='ltr'><strong>haeridi-</strong></span> 
     </span>
    </p>
   </div>
   <div class='ocr_carea' id='block_1_4' title="bbox 178 1004 986 1542">
    <p class='ocr_par' dir='ltr' id='par_1_4' title="bbox 234 1004 546 1056">
     <span class='ocr_line' id='line_1_13' title="bbox 234 1004 546 1056; baseline 0.003 -14"><span class='ocrx_word' id='word_1_83' title='bbox 234 1004 465 1054; x_wconf 63' lang='lat' dir='ltr'><strong>mnrpzdroaazov.</strong></span> <span class='ocrx_word' id='word_1_84' title='bbox 545 1053 546 1056; x_wconf 11' lang='grc' dir='ltr'><strong>Ἰ</strong></span> 
     </span>
    </p>

    <p class='ocr_par' dir='ltr' id='par_1_5' title="bbox 178 1067 986 1542">
     <span class='ocr_line' id='line_1_14' title="bbox 212 1067 985 1133; baseline -0.005 -13"><span class='ocrx_word' id='word_1_85' title='bbox 212 1074 238 1120; x_wconf 92' lang='grc'><strong>1.</strong></span> <span class='ocrx_word' id='word_1_86' title='bbox 253 1074 316 1120; x_wconf 88' lang='lat' dir='ltr'><strong>Non</strong></span> <span class='ocrx_word' id='word_1_87' title='bbox 324 1069 475 1131; x_wconf 80' lang='lat' dir='ltr'><strong>paucissimi</strong></span> <span class='ocrx_word' id='word_1_88' title='bbox 484 1072 559 1131; x_wconf 81' lang='lat' dir='ltr'><strong>aunt,</strong></span> <span class='ocrx_word' id='word_1_89' title='bbox 578 1073 607 1120; x_wconf 85' lang='lat' dir='ltr'><strong>in</strong></span> <span class='ocrx_word' id='word_1_90' title='bbox 621 1087 686 1132; x_wconf 83' lang='lat' dir='ltr'><strong>quoa</strong></span> <span class='ocrx_word' id='word_1_91' title='bbox 695 1073 783 1133; x_wconf 87' lang='lat' dir='ltr'><strong>potest</strong></span> <span class='ocrx_word' id='word_1_92' title='bbox 795 1067 946 1118; x_wconf 82' lang='lat' dir='ltr'><strong>convenire</strong></span> <span class='ocrx_word' id='word_1_93' title='bbox 955 1070 985 1130; x_wconf 85' lang='lat' dir='ltr'><strong>id,</strong></span> 
     </span>
     <span class='ocr_line' id='line_1_15' title="bbox 179 1136 986 1201; baseline -0.004 -14"><span class='ocrx_word' id='word_1_94' title='bbox 179 1141 248 1200; x_wconf 83' lang='lat' dir='ltr'><strong>quod</strong></span> <span class='ocrx_word' id='word_1_95' title='bbox 262 1141 297 1185; x_wconf 90' lang='lat' dir='ltr'><strong>M.</strong></span> <span class='ocrx_word' id='word_1_96' title='bbox 311 1140 395 1185; x_wconf 86' lang='lat' dir='ltr'><strong>Varro</strong></span> <span class='ocrx_word' id='word_1_97' title='bbox 416 1138 480 1184; x_wconf 85' lang='lat' dir='ltr'><strong>dicit</strong></span> <span class='ocrx_word' id='word_1_98' title='bbox 496 1138 525 1183; x_wconf 92' lang='lat' dir='ltr'><strong>iu</strong></span> <span class='ocrx_word' id='word_1_99' title='bbox 539 1144 640 1201; x_wconf 84' lang='lat' dir='ltr'><strong>satyra,</strong></span> <span class='ocrx_word' id='word_1_100' title='bbox 665 1155 731 1200; x_wconf 87' lang='lat' dir='ltr'><strong>quae</strong></span> <span class='ocrx_word' id='word_1_101' title='bbox 747 1139 907 1186; x_wconf 70' lang='lat' dir='ltr'><strong>inscribitur</strong></span> <span class='ocrx_word' id='word_1_102' title='bbox 925 1136 986 1200; x_wconf 72' lang='grc' dir='ltr'><strong>Περὶ</strong></span> 
     </span>
     <span class='ocr_line' id='line_1_16' title="bbox 178 1200 985 1269; baseline -0.004 -14"><span class='ocrx_word' id='word_1_103' title='bbox 178 1200 334 1269; x_wconf 63' lang='grc' dir='ltr'><strong><em>ἐδεσμάτων.</em></strong></span> <span class='ocrx_word' id='word_1_104' title='bbox 367 1208 392 1251; x_wconf 83' lang='lat'><strong>2.</strong></span> <span class='ocrx_word' id='word_1_105' title='bbox 411 1206 497 1252; x_wconf 87' lang='lat' dir='ltr'><strong>Verba</strong></span> <span class='ocrx_word' id='word_1_106' title='bbox 509 1204 574 1254; x_wconf 89' lang='lat' dir='ltr'><strong>haec</strong></span> <span class='ocrx_word' id='word_1_107' title='bbox 589 1211 666 1255; x_wconf 86' lang='lat' dir='ltr'><strong>sunt:</strong></span> <span class='ocrx_word' id='word_1_108' title='bbox 692 1201 730 1268; x_wconf 80' lang='lat' dir='ltr'><strong>Si,</strong></span> <span class='ocrx_word' id='word_1_109' title='bbox 745 1212 873 1269; x_wconf 77' lang='lat' dir='ltr'><strong>quantum</strong></span> <span class='ocrx_word' id='word_1_110' title='bbox 889 1219 985 1266; x_wconf 79' lang='lat' dir='ltr'><strong>operae</strong></span> 
     </span>
     <span class='ocr_line' id='line_1_17' title="bbox 179 1274 985 1339; baseline -0.006 -16"><span class='ocrx_word' id='word_1_111' title='bbox 179 1276 305 1335; x_wconf 67' lang='lat' dir='ltr'><strong>nuntiati,</strong></span> <span class='ocrx_word' id='word_1_112' title='bbox 320 1280 349 1320; x_wconf 80' lang='lat' dir='ltr'><strong>at</strong></span> <span class='ocrx_word' id='word_1_113' title='bbox 359 1279 418 1319; x_wconf 81' lang='lat' dir='ltr'><strong>tuna</strong></span> <span class='ocrx_word' id='word_1_114' title='bbox 425 1275 513 1331; x_wconf 73' lang='lat' dir='ltr'><strong>pistor</strong></span> <span class='ocrx_word' id='word_1_115' title='bbox 523 1275 729 1339; x_wconf 77' lang='lat' dir='ltr'><strong>bonamsaceret</strong></span> <span class='ocrx_word' id='word_1_116' title='bbox 736 1287 842 1336; x_wconf 80' lang='lat' dir='ltr'><strong>panem,</strong></span> <span class='ocrx_word' id='word_1_117' title='bbox 856 1276 918 1321; x_wconf 70' lang='lat' dir='ltr'><strong>eiua</strong></span> <span class='ocrx_word' id='word_1_118' title='bbox 928 1274 985 1319; x_wconf 83' lang='lat' dir='ltr'><strong>duo·</strong></span> 
     </span>
     <span class='ocr_line' id='line_1_18' title="bbox 179 1340 984 1403; baseline -0.005 -14"><span class='ocrx_word' id='word_1_119' title='bbox 179 1343 303 1402; x_wconf 58' lang='lat' dir='ltr'><strong>&amp;cimam</strong></span> <span class='ocrx_word' id='word_1_120' title='bbox 313 1340 496 1400; x_wconf 73' lang='lat' dir='ltr'><strong>philosophiae</strong></span> <span class='ocrx_word' id='word_1_121' title='bbox 509 1341 638 1399; x_wconf 73' lang='lat' dir='ltr'><strong>dedisses,</strong></span> <span class='ocrx_word' id='word_1_122' title='bbox 656 1346 713 1403; x_wconf 63' lang='grc' dir='ltr'><strong>ἕρπε</strong></span> <span class='ocrx_word' id='word_1_123' title='bbox 732 1345 811 1389; x_wconf 77' lang='lat' dir='ltr'><strong>hoaut</strong></span> <span class='ocrx_word' id='word_1_124' title='bbox 828 1341 984 1402; x_wconf 68' lang='lat' dir='ltr'><strong>iampridem</strong></span> 
     </span>
     <span class='ocr_line' id='line_1_19' title="bbox 179 1407 983 1472; baseline -0.005 -15"><span class='ocrx_word' id='word_1_125' title='bbox 179 1423 250 1457; x_wconf 80' lang='lat' dir='ltr'><strong>emer</strong></span> <span class='ocrx_word' id='word_1_126' title='bbox 253 1409 354 1472; x_wconf 84' lang='lat' dir='ltr'><strong>foetur.</strong></span> <span class='ocrx_word' id='word_1_127' title='bbox 388 1409 463 1454; x_wconf 83' lang='lat' dir='ltr'><strong>Nune</strong></span> <span class='ocrx_word' id='word_1_128' title='bbox 472 1410 544 1455; x_wconf 82' lang='lat' dir='ltr'><strong>illum</strong></span> <span class='ocrx_word' id='word_1_129' title='bbox 556 1415 723 1471; x_wconf 72' lang='lat' dir='ltr'><strong>quinorum,</strong></span> <span class='ocrx_word' id='word_1_130' title='bbox 735 1411 827 1457; x_wconf 75' lang='lat' dir='ltr'><strong>voluat</strong></span> <span class='ocrx_word' id='word_1_131' title='bbox 834 1423 926 1457; x_wconf 83' lang='lat' dir='ltr'><strong>emere</strong></span> <span class='ocrx_word' id='word_1_132' title='bbox 934 1407 983 1456; x_wconf 73' lang='lat' dir='ltr'><strong>ent·</strong></span> 
     </span>
     <span class='ocr_line' id='line_1_20' title="bbox 179 1478 789 1542; baseline -0.003 -17"><span class='ocrx_word' id='word_1_133' title='bbox 179 1479 247 1542; x_wconf 65' lang='lat' dir='ltr'><strong>ls‘bua</strong></span> <span class='ocrx_word' id='word_1_134' title='bbox 255 1484 371 1537; x_wconf 64' lang='lat' dir='ltr'><strong>centum</strong></span> <span class='ocrx_word' id='word_1_135' title='bbox 390 1483 416 1523; x_wconf 77' lang='lat' dir='ltr'><strong>te</strong></span> <span class='ocrx_word' id='word_1_136' title='bbox 426 1478 560 1539; x_wconf 80' lang='lat' dir='ltr'><strong>quinovit,</strong></span> <span class='ocrx_word' id='word_1_137' title='bbox 570 1493 643 1526; x_wconf 81' lang='lat' dir='ltr'><strong>nemo</strong></span> <span class='ocrx_word' id='word_1_138' title='bbox 653 1480 789 1526; x_wconf 71' lang='lat' dir='ltr'><strong>cantuaria.</strong></span> 
     </span>
    </p>
   </div>
   <div class='ocr_carea' id='block_1_5' title="bbox 123 1663 981 2729">
    <p class='ocr_par' dir='ltr' id='par_1_6' title="bbox 205 1663 978 1725">
     <span class='ocr_line' id='line_1_21' title="bbox 205 1663 978 1725; baseline 0.005 -15"><span class='ocrx_word' id='word_1_139' title='bbox 205 1665 299 1711; x_wconf 78' lang='lat' dir='ltr'><strong>Notata</strong></span> <span class='ocrx_word' id='word_1_140' title='bbox 308 1668 420 1724; x_wconf 78' lang='lat' dir='ltr'><strong>quaedam</strong></span> <span class='ocrx_word' id='word_1_141' title='bbox 429 1670 456 1709; x_wconf 80' lang='lat' dir='ltr'><strong>de</strong></span> <span class='ocrx_word' id='word_1_142' title='bbox 463 1666 583 1723; x_wconf 76' lang='lat' dir='ltr'><strong>Euripidis</strong></span> <span class='ocrx_word' id='word_1_143' title='bbox 588 1671 678 1725; x_wconf 71' lang='lat' dir='ltr'><strong>poetae</strong></span> <span class='ocrx_word' id='word_1_144' title='bbox 686 1680 776 1724; x_wconf 76' lang='lat' dir='ltr'><strong>genere,</strong></span> <span class='ocrx_word' id='word_1_145' title='bbox 796 1663 860 1718; x_wconf 68' lang='lat' dir='ltr'><strong>alta,</strong></span> <span class='ocrx_word' id='word_1_146' title='bbox 879 1667 978 1714; x_wconf 55' lang='lat' dir='ltr'><strong>mahta</strong></span> 
     </span>
    </p>

    <p class='ocr_par' dir='ltr' id='par_1_7' title="bbox 234 1722 541 1781">
     <span class='ocr_line' id='line_1_22' title="bbox 234 1722 541 1781; baseline 0 -15"><span class='ocrx_word' id='word_1_147' title='bbox 234 1726 302 1781; x_wconf 74' lang='lat' dir='ltr'><strong>deque</strong></span> <span class='ocrx_word' id='word_1_148' title='bbox 310 1722 407 1767; x_wconf 73' lang='lat' dir='ltr'><strong>eirardem</strong></span> <span class='ocrx_word' id='word_1_149' title='bbox 411 1722 464 1779; x_wconf 76' lang='lat' dir='ltr'><strong>fine</strong></span> <span class='ocrx_word' id='word_1_150' title='bbox 472 1723 541 1767; x_wconf 78' lang='lat' dir='ltr'><strong>vitae.</strong></span> 
     </span>
    </p>

    <p class='ocr_par' dir='ltr' id='par_1_8' title="bbox 123 1799 981 2729">
     <span class='ocr_line' id='line_1_23' title="bbox 214 1799 979 1861; baseline 0 -15"><span class='ocrx_word' id='word_1_151' title='bbox 214 1801 239 1846; x_wconf 88' lang='lat'><strong>1.</strong></span> <span class='ocrx_word' id='word_1_152' title='bbox 262 1799 396 1858; x_wconf 75' lang='lat' dir='ltr'><strong>Euripidis</strong></span> <span class='ocrx_word' id='word_1_153' title='bbox 415 1801 509 1858; x_wconf 69' lang='lat' dir='ltr'><strong>poetae</strong></span> <span class='ocrx_word' id='word_1_154' title='bbox 533 1803 642 1849; x_wconf 83' lang='lat' dir='ltr'><strong>matrem</strong></span> <span class='ocrx_word' id='word_1_155' title='bbox 663 1803 847 1861; x_wconf 74' lang='lat' dir='ltr'><strong>Theopompus</strong></span> <span class='ocrx_word' id='word_1_156' title='bbox 871 1803 979 1861; x_wconf 78' lang='lat' dir='ltr'><strong>agrestia</strong></span> 
     </span>
     <span class='ocr_line' id='line_1_24' title="bbox 179 1867 979 1926; baseline -0.001 -10"><span class='ocrx_word' id='word_1_157' title='bbox 179 1868 253 1916; x_wconf 85' lang='lat' dir='ltr'><strong>olera</strong></span> <span class='ocrx_word' id='word_1_158' title='bbox 266 1867 420 1914; x_wconf 88' lang='lat' dir='ltr'><strong>vendentem</strong></span> <span class='ocrx_word' id='word_1_159' title='bbox 435 1868 533 1914; x_wconf 89' lang='lat' dir='ltr'><strong>victum</strong></span> <span class='ocrx_word' id='word_1_160' title='bbox 549 1868 682 1926; x_wconf 63' lang='lat' dir='ltr'><strong>quaesisse</strong></span> <span class='ocrx_word' id='word_1_161' title='bbox 699 1869 770 1917; x_wconf 86' lang='lat' dir='ltr'><strong>dicit.</strong></span> <span class='ocrx_word' id='word_1_162' title='bbox 807 1873 833 1915; x_wconf 89' lang='lat'><strong>2.</strong></span> <span class='ocrx_word' id='word_1_163' title='bbox 851 1870 925 1916; x_wconf 81' lang='lat' dir='ltr'><strong>Patri</strong></span> <span class='ocrx_word' id='word_1_164' title='bbox 939 1882 979 1915; x_wconf 81' lang='lat' dir='ltr'><strong>au·</strong></span> 
     </span>
     <span class='ocr_line' id='line_1_25' title="bbox 123 1932 980 1996; baseline -0.001 -13"><span class='ocrx_word' id='word_1_165' title='bbox 123 1934 125 1938; x_wconf 78' lang='grc'><strong>’</strong></span> <span class='ocrx_word' id='word_1_166' title='bbox 177 1939 230 1983; x_wconf 84' lang='lat' dir='ltr'><strong>tem</strong></span> <span class='ocrx_word' id='word_1_167' title='bbox 241 1935 305 1993; x_wconf 86' lang='lat' dir='ltr'><strong>eius,</strong></span> <span class='ocrx_word' id='word_1_168' title='bbox 316 1936 377 1980; x_wconf 85' lang='lat' dir='ltr'><strong>nato</strong></span> <span class='ocrx_word' id='word_1_169' title='bbox 389 1932 608 1994; x_wconf 84' lang='lat' dir='ltr'><strong>illo,reaponsum</strong></span> <span class='ocrx_word' id='word_1_170' title='bbox 618 1939 683 1983; x_wconf 87' lang='lat' dir='ltr'><strong>esta</strong></span> <span class='ocrx_word' id='word_1_171' title='bbox 693 1937 840 1996; x_wconf 83' lang='lat' dir='ltr'><strong>Chaldaeis,</strong></span> <span class='ocrx_word' id='word_1_172' title='bbox 853 1951 913 1983; x_wconf 91' lang='lat' dir='ltr'><strong>eum</strong></span> <span class='ocrx_word' id='word_1_173' title='bbox 923 1950 980 1995; x_wconf 87' lang='lat' dir='ltr'><strong>pue·</strong></span> 
     </span>
     <span class='ocr_line' id='line_1_26' title="bbox 176 2002 980 2063; baseline -0.001 -13"><span class='ocrx_word' id='word_1_174' title='bbox 176 2017 244 2063; x_wconf 80' lang='lat' dir='ltr'><strong>ram,</strong></span> <span class='ocrx_word' id='word_1_175' title='bbox 255 2002 487 2063; x_wconf 74' lang='lat' dir='ltr'><strong>connumeraret,</strong></span> <span class='ocrx_word' id='word_1_176' title='bbox 498 2003 623 2049; x_wconf 88' lang='lat' dir='ltr'><strong>victorem</strong></span> <span class='ocrx_word' id='word_1_177' title='bbox 634 2005 662 2050; x_wconf 88' lang='lat' dir='ltr'><strong>in</strong></span> <span class='ocrx_word' id='word_1_178' title='bbox 672 2005 859 2051; x_wconf 75' lang='lat' dir='ltr'><strong>certaminibus</strong></span> <span class='ocrx_word' id='word_1_179' title='bbox 868 2005 941 2063; x_wconf 79' lang='lat' dir='ltr'><strong>iore3</strong></span> <span class='ocrx_word' id='word_1_180' title='bbox 957 2002 980 2049; x_wconf 81' lang='lat' dir='ltr'><strong>il</strong></span> 
     </span>
     <span class='ocr_line' id='line_1_27' title="bbox 177 2070 980 2131; baseline -0.004 -12"><span class='ocrx_word' id='word_1_181' title='bbox 177 2072 204 2119; x_wconf 79' lang='lat' dir='ltr'><strong>ci</strong></span> <span class='ocrx_word' id='word_1_182' title='bbox 215 2084 296 2130; x_wconf 88' lang='lat' dir='ltr'><strong>puero</strong></span> <span class='ocrx_word' id='word_1_183' title='bbox 314 2071 395 2115; x_wconf 86' lang='lat' dir='ltr'><strong>latum</strong></span> <span class='ocrx_word' id='word_1_184' title='bbox 412 2082 477 2115; x_wconf 88' lang='lat' dir='ltr'><strong>esse.</strong></span> <span class='ocrx_word' id='word_1_185' title='bbox 512 2072 537 2117; x_wconf 85' lang='grc'><strong>3.</strong></span> <span class='ocrx_word' id='word_1_186' title='bbox 554 2071 632 2116; x_wconf 87' lang='lat' dir='ltr'><strong>Pater</strong></span> <span class='ocrx_word' id='word_1_187' title='bbox 642 2070 842 2131; x_wconf 84' lang='lat' dir='ltr'><strong>interpretatus,</strong></span> <span class='ocrx_word' id='word_1_188' title='bbox 862 2072 980 2118; x_wconf 81' lang='lat' dir='ltr'><strong>athletam</strong></span> 
     </span>
     <span class='ocr_line' id='line_1_28' title="bbox 177 2136 979 2197; baseline -0.002 -11"><span class='ocrx_word' id='word_1_189' title='bbox 177 2139 273 2187; x_wconf 85' lang='lat' dir='ltr'><strong>debere</strong></span> <span class='ocrx_word' id='word_1_190' title='bbox 291 2151 361 2191; x_wconf 87' lang='lat' dir='ltr'><strong>esse,</strong></span> <span class='ocrx_word' id='word_1_191' title='bbox 381 2137 503 2183; x_wconf 83' lang='lat' dir='ltr'><strong>roborato</strong></span> <span class='ocrx_word' id='word_1_192' title='bbox 524 2136 721 2196; x_wconf 83' lang='lat' dir='ltr'><strong>exercitatoque</strong></span> <span class='ocrx_word' id='word_1_193' title='bbox 739 2140 787 2185; x_wconf 84' lang='lat' dir='ltr'><strong>filii</strong></span> <span class='ocrx_word' id='word_1_194' title='bbox 806 2138 849 2185; x_wconf 91' lang='lat' dir='ltr'><strong>sui</strong></span> <span class='ocrx_word' id='word_1_195' title='bbox 863 2150 979 2197; x_wconf 87' lang='lat' dir='ltr'><strong>corpore,</strong></span> 
     </span>
     <span class='ocr_line' id='line_1_29' title="bbox 178 2204 980 2266; baseline -0.001 -15"><span class='ocrx_word' id='word_1_196' title='bbox 178 2204 327 2266; x_wconf 76' lang='lat' dir='ltr'><strong>Olympiam</strong></span> <span class='ocrx_word' id='word_1_197' title='bbox 340 2206 498 2251; x_wconf 88' lang='lat' dir='ltr'><strong>certaturum</strong></span> <span class='ocrx_word' id='word_1_198' title='bbox 512 2219 571 2251; x_wconf 89' lang='lat' dir='ltr'><strong>cum</strong></span> <span class='ocrx_word' id='word_1_199' title='bbox 587 2205 656 2251; x_wconf 88' lang='lat' dir='ltr'><strong>inter</strong></span> <span class='ocrx_word' id='word_1_200' title='bbox 670 2207 782 2253; x_wconf 81' lang='lat' dir='ltr'><strong>athletae</strong></span> <span class='ocrx_word' id='word_1_201' title='bbox 796 2219 894 2263; x_wconf 83' lang='lat' dir='ltr'><strong>pueros</strong></span> <span class='ocrx_word' id='word_1_202' title='bbox 906 2206 980 2252; x_wconf 86' lang='lat' dir='ltr'><strong>dedu·</strong></span> 
     </span>
     <span class='ocr_line' id='line_1_30' title="bbox 177 2270 980 2332; baseline -0.001 -13"><span class='ocrx_word' id='word_1_203' title='bbox 177 2272 229 2320; x_wconf 81' lang='lat' dir='ltr'><strong>xit.</strong></span> <span class='ocrx_word' id='word_1_204' title='bbox 264 2274 302 2318; x_wconf 84' lang='lat' dir='ltr'><strong>Ae</strong></span> <span class='ocrx_word' id='word_1_205' title='bbox 313 2270 394 2329; x_wconf 90' lang='lat' dir='ltr'><strong>primo</strong></span> <span class='ocrx_word' id='word_1_206' title='bbox 406 2270 509 2329; x_wconf 87' lang='lat' dir='ltr'><strong>quidem</strong></span> <span class='ocrx_word' id='word_1_207' title='bbox 520 2272 548 2318; x_wconf 88' lang='lat' dir='ltr'><strong>in</strong></span> <span class='ocrx_word' id='word_1_208' title='bbox 558 2275 689 2319; x_wconf 83' lang='lat' dir='ltr'><strong>certamen</strong></span> <span class='ocrx_word' id='word_1_209' title='bbox 698 2287 744 2332; x_wconf 89' lang='lat' dir='ltr'><strong>per</strong></span> <span class='ocrx_word' id='word_1_210' title='bbox 756 2273 903 2331; x_wconf 79' lang='lat' dir='ltr'><strong>ambiguam</strong></span> <span class='ocrx_word' id='word_1_211' title='bbox 913 2277 980 2319; x_wconf 84' lang='lat' dir='ltr'><strong>aeta-</strong></span> 
     </span>
     <span class='ocr_line' id='line_1_31' title="bbox 177 2333 981 2396; baseline 0.004 -11"><span class='ocrx_word' id='word_1_212' title='bbox 177 2341 230 2385; x_wconf 86' lang='lat' dir='ltr'><strong>tem</strong></span> <span class='ocrx_word' id='word_1_213' title='bbox 238 2340 357 2396; x_wconf 84' lang='lat' dir='ltr'><strong>receptus</strong></span> <span class='ocrx_word' id='word_1_214' title='bbox 367 2352 420 2384; x_wconf 88' lang='lat' dir='ltr'><strong>non</strong></span> <span class='ocrx_word' id='word_1_215' title='bbox 431 2341 480 2385; x_wconf 87' lang='lat' dir='ltr'><strong>est.</strong></span> <span class='ocrx_word' id='word_1_216' title='bbox 514 2340 578 2385; x_wconf 89' lang='lat' dir='ltr'><strong>Post</strong></span> <span class='ocrx_word' id='word_1_217' title='bbox 592 2340 730 2387; x_wconf 85' lang='lat' dir='ltr'><strong>Eleusinio</strong></span> <span class='ocrx_word' id='word_1_218' title='bbox 744 2343 771 2387; x_wconf 88' lang='lat' dir='ltr'><strong>et</strong></span> <span class='ocrx_word' id='word_1_219' title='bbox 780 2333 981 2387; x_wconf 79' lang='lat' dir='ltr'><strong>rheseo&#39;certa-</strong></span> 
     </span>
     <span class='ocr_line' id='line_1_32' title="bbox 177 2404 980 2467; baseline 0 -15"><span class='ocrx_word' id='word_1_220' title='bbox 177 2405 248 2452; x_wconf 86' lang='lat' dir='ltr'><strong>mine</strong></span> <span class='ocrx_word' id='word_1_221' title='bbox 262 2404 400 2463; x_wconf 67' lang='lat' dir='ltr'><strong>pugnavit,</strong></span> <span class='ocrx_word' id='word_1_222' title='bbox 420 2408 447 2452; x_wconf 89' lang='lat' dir='ltr'><strong>et</strong></span> <span class='ocrx_word' id='word_1_223' title='bbox 461 2411 602 2453; x_wconf 83' lang='lat' dir='ltr'><strong>coronatus</strong></span> <span class='ocrx_word' id='word_1_224' title='bbox 618 2409 667 2453; x_wconf 86' lang='lat' dir='ltr'><strong>est.</strong></span> <span class='ocrx_word' id='word_1_225' title='bbox 702 2411 727 2455; x_wconf 82' lang='lat'><strong>4.</strong></span> <span class='ocrx_word' id='word_1_226' title='bbox 744 2410 819 2467; x_wconf 79' lang='lat' dir='ltr'><strong>Mox,</strong></span> <span class='ocrx_word' id='word_1_227' title='bbox 838 2420 855 2453; x_wconf 88' lang='lat' dir='ltr'><strong>a</strong></span> <span class='ocrx_word' id='word_1_228' title='bbox 865 2406 980 2466; x_wconf 83' lang='lat' dir='ltr'><strong>eorporis</strong></span> 
     </span>
     <span class='ocr_line' id='line_1_33' title="bbox 178 2470 980 2535; baseline 0.004 -19"><span class='ocrx_word' id='word_1_229' title='bbox 178 2483 241 2524; x_wconf 69' lang='lat' dir='ltr'><strong>carra</strong></span> <span class='ocrx_word' id='word_1_230' title='bbox 254 2470 287 2515; x_wconf 89' lang='lat' dir='ltr'><strong>ad</strong></span> <span class='ocrx_word' id='word_1_231' title='bbox 296 2472 437 2517; x_wconf 87' lang='lat' dir='ltr'><strong>excolendi</strong></span> <span class='ocrx_word' id='word_1_232' title='bbox 451 2474 531 2519; x_wconf 88' lang='lat' dir='ltr'><strong>animi</strong></span> <span class='ocrx_word' id='word_1_233' title='bbox 543 2473 656 2520; x_wconf 86' lang='lat' dir='ltr'><strong>studium</strong></span> <span class='ocrx_word' id='word_1_234' title='bbox 664 2477 857 2535; x_wconf 73' lang='lat' dir='ltr'><strong>transgressus,</strong></span> <span class='ocrx_word' id='word_1_235' title='bbox 877 2474 980 2522; x_wconf 73' lang='lat' dir='ltr'><strong>auditor</strong></span> 
     </span>
     <span class='ocr_line' id='line_1_34' title="bbox 177 2535 980 2601; baseline 0.006 -18"><span class='ocrx_word' id='word_1_236' title='bbox 177 2536 230 2583; x_wconf 76' lang='lat' dir='ltr'><strong>tuit</strong></span> <span class='ocrx_word' id='word_1_237' title='bbox 239 2535 339 2592; x_wconf 80' lang='lat' dir='ltr'><strong>physici</strong></span> <span class='ocrx_word' id='word_1_238' title='bbox 349 2538 535 2601; x_wconf 80' lang='lat' dir='ltr'><strong>Anaxagorae,</strong></span> <span class='ocrx_word' id='word_1_239' title='bbox 551 2543 578 2587; x_wconf 83' lang='lat' dir='ltr'><strong>et</strong></span> <span class='ocrx_word' id='word_1_240' title='bbox 586 2541 700 2589; x_wconf 83' lang='lat' dir='ltr'><strong>rhetoris</strong></span> <span class='ocrx_word' id='word_1_241' title='bbox 710 2542 830 2601; x_wconf 79' lang='lat' dir='ltr'><strong>Prodici3</strong></span> <span class='ocrx_word' id='word_1_242' title='bbox 850 2541 880 2587; x_wconf 87' lang='lat' dir='ltr'><strong>iu</strong></span> <span class='ocrx_word' id='word_1_243' title='bbox 889 2536 980 2588; x_wconf 79' lang='lat' dir='ltr'><strong>morali</strong></span> 
     </span>
     <span class='ocr_line' id='line_1_35' title="bbox 180 2601 980 2669; baseline 0.006 -20"><span class='ocrx_word' id='word_1_244' title='bbox 180 2605 267 2649; x_wconf 86' lang='lat' dir='ltr'><strong>autem</strong></span> <span class='ocrx_word' id='word_1_245' title='bbox 278 2601 444 2659; x_wconf 86' lang='lat' dir='ltr'><strong>philosophia</strong></span> <span class='ocrx_word' id='word_1_246' title='bbox 456 2607 583 2654; x_wconf 84' lang='lat' dir='ltr'><strong>Socratis.</strong></span> <span class='ocrx_word' id='word_1_247' title='bbox 619 2609 791 2669; x_wconf 77' lang='lat' dir='ltr'><strong>Tragoediam</strong></span> <span class='ocrx_word' id='word_1_248' title='bbox 805 2607 921 2656; x_wconf 77' lang='lat' dir='ltr'><strong>seribere</strong></span> <span class='ocrx_word' id='word_1_249' title='bbox 937 2620 980 2655; x_wconf 83' lang='lat' dir='ltr'><strong>aa·</strong></span> 
     </span>
     <span class='ocr_line' id='line_1_36' title="bbox 176 2668 977 2729; baseline 0.012 -14"><span class='ocrx_word' id='word_1_250' title='bbox 176 2672 220 2716; x_wconf 85' lang='lat' dir='ltr'><strong>tua</strong></span> <span class='ocrx_word' id='word_1_251' title='bbox 230 2680 312 2716; x_wconf 89' lang='lat' dir='ltr'><strong>annos</strong></span> <span class='ocrx_word' id='word_1_252' title='bbox 323 2668 501 2729; x_wconf 80' lang='lat' dir='ltr'><strong>duodeviginti</strong></span> <span class='ocrx_word' id='word_1_253' title='bbox 511 2675 619 2723; x_wconf 84' lang='lat' dir='ltr'><strong>adortus</strong></span> <span class='ocrx_word' id='word_1_254' title='bbox 629 2681 676 2725; x_wconf 82' lang='lat' dir='ltr'><strong>est</strong></span> <span class='ocrx_word' id='word_1_255' title='bbox 714 2681 739 2726; x_wconf 83' lang='lat' dir='ltr'><strong>b.</strong></span> <span class='ocrx_word' id='word_1_256' title='bbox 756 2675 931 2725; x_wconf 81' lang='lat' dir='ltr'><strong>Philochorus</strong></span> <span class='ocrx_word' id='word_1_257' title='bbox 938 2687 977 2725; x_wconf 88' lang='lat' dir='ltr'><strong>re·</strong></span> 
     </span>
    </p>
   </div>
   <div class='ocr_carea' id='block_1_6' title="bbox 0 0 1040 3034">
    <p class='ocr_par' dir='ltr' id='par_1_9' title="bbox 0 0 1040 3034">
     <span class='ocr_line' id='line_1_37' title="bbox 0 0 1040 3034; baseline 0 0"><span class='ocrx_word' id='word_1_258' title='bbox 0 0 1040 3034; x_wconf 95' lang='lat' dir='ltr'><strong> </strong></span> 
     </span>
    </p>
   </div>
  </div>
 </body>
</html>
