2067 3034
288 125 370 175 mr.
391 125 455 174 XX.
491 128 579 175 GAP.
599 127 622 177 l.
806 131 862 183 447

54 256 109 291 non
119 245 250 303 probaret,
259 242 357 303 inquit:
376 242 470 291 Lueiue
477 241 599 292 Veratius
609 245 660 293 fuit
669 249 772 307 egregie
781 249 858 300 bomo

53 312 195 370 improbus,
207 314 283 370 atque
297 310 402 357 immani
413 312 544 357 vecordia.
577 315 604 359 la
614 327 660 371 pra
671 314 857 365 delectamento
868 330 871 334 ’

54 377 172 438 habebat,
183 391 213 423 or
224 377 336 424 hominia
347 378 425 426 liberi
438 391 530 425 manue
546 391 609 426 auae
619 381 705 438 palma
714 385 857 432 verberare.

56 445 123 491 Ram
133 457 223 491 rerrue
233 447 395 506 eeqnebatur,
401 458 546 492 crumenam
554 446 656 504 plenam
666 449 762 495 areium
775 451 859 509 porti·

56 514 128 568 tenu
146 513 174 556 et
182 512 355 569 quemcunque
368 511 568 570 depalmaverat,
578 514 708 560 numerari
719 517 804 563 rtatim
818 533 859 565 re·

57 577 168 624 cundum
178 578 310 625 duodecim
320 579 433 625 Tabulae
443 579 554 636 quinque
564 583 591 626 et
599 580 692 639 viginti
702 594 773 629 araca
783 584 858 631 lube·

57 647 109 691 bat.
143 644 291 703 Propterea,
301 644 387 702 inquit
403 646 541 692 Praetores
550 651 641 704 purten
649 647 715 694 hane
725 650 858 698 abolesce-

55 724 86 757 re
96 712 122 757 et
129 711 243 769 relinqui
255 713 421 770 censuerunt,
439 712 595 771 iniuriisque
608 714 774 763 aestimandir
784 730 859 764 recu-

56 782 192 837 peratore·
211 790 239 824 ee
258 778 363 825 daturne
382 779 530 827 edixerunt.
566 784 606 827 Η.
624 782 758 829 Nonnulla
772 789 858 831 autem

57 845 87 891 in
97 845 156 891 iatir
167 844 268 903 legibue
277 858 326 891 uec
336 845 477 892 conriitere
487 848 602 907 quidem,
622 848 699 895 aienti
710 849 780 911 dixi,
800 852 857 898 rita

57 914 132 970 eunt3
150 911 282 959 relutilla
299 912 476 958 lextalionie:
495 916 568 960 cuiue
588 916 675 969 verba,
694 916 746 961 uiri
762 932 858 965 memo·

55 978 385 1034 riemefnllitheeerunt:
404 981 437 1026 Sl
454 980 652 1027 MEMBRUM
669 982 798 1044 uum,
816 986 857 1031 Ni

57 1050 135 1095 CUM
167 1050 217 1095 Et)
248 1045 380 1105 pacm,
398 1047 517 1092 ‘ramo
544 1048 657 1094 ESTO.
694 1052 733 1095 15.
751 1050 857 1098 Praeter

56 1115 124 1162 enim
133 1116 276 1163 ulciscendi
291 1112 457 1163 acerbitatem
471 1128 505 1161 ue
521 1114 659 1173 precedere
669 1129 769 1173 quoqne
780 1130 856 1163 erre-

55 1182 126 1228 eutio
136 1183 220 1230 iurtae
231 1184 341 1230 talianie
356 1183 450 1241 patent.
486 1183 551 1228 Nam
561 1181 603 1228 eui
612 1184 749 1229 membrum
760 1183 791 1229 ab
802 1184 856 1229 aiio

53 1252 157 1307 ruptum
167 1254 220 1310 eet,
239 1251 263 1296 ai
279 1251 329 1307 ipei
343 1250 432 1296 itidem
448 1261 567 1307 rumpere
581 1262 627 1307 per
642 1250 768 1295 talionem
782 1251 855 1308 velit,

54 1329 165 1374 quaero,
187 1329 220 1361 aa
233 1318 333 1363 edicere
344 1317 427 1374 poerit
439 1316 575 1374 rumpendi
588 1318 687 1374 pariter
696 1317 802 1363 membri
812 1332 855 1363 ae-

54 1382 220 1439 quilibrinmt
250 1384 281 1428 lu
290 1396 341 1440 qua
348 1395 378 1427 re
387 1382 497 1440 primurn
507 1396 539 1427 ea
548 1382 683 1428 difficultas
693 1387 733 1429 est
742 1384 856 1442 inexpli-

56 1448 157 1495 cabilia.
193 1451 233 1494 16.
244 1449 314 1505 Quid
324 1448 348 1494 ri
358 1448 414 1506 quir
424 1448 571 1504 membrum,
577 1447 670 1505 inquit,
675 1449 752 1495 alteri
760 1450 855 1509 impru-

55 1517 119 1562 dene
129 1515 245 1574 ruperiti
264 1515 340 1570 Quod
350 1515 417 1561 enirn
426 1528 472 1573 per
479 1514 684 1572 imprudentiam
701 1517 795 1563 iactum
806 1523 854 1574 ert,

55 1582 172 1630 retaliari
185 1596 232 1642 per
246 1582 444 1641 imprudentiam
457 1581 544 1629 debet:
575 1583 645 1627 letue
654 1583 749 1642 quippe
759 1586 854 1630 fortui-

54 1652 98 1696 tna
106 1653 134 1695 et
148 1650 282 1697 contuitur
296 1662 350 1695 nen
363 1650 458 1695 cedunt
473 1650 520 1694 rub
530 1648 643 1695 eiusdem
663 1650 773 1696 talionis
783 1651 855 1697 eimi-

54 1716 200 1763 liturinem,
235 1717 364 1769 Quoniam
377 1716 459 1774 igitur
471 1715 548 1761 modo
561 1715 749 1774 imprudentem
758 1718 854 1776 poterit

54 1783 165 1844 imitari,
180 1783 262 1841 quiin
271 1782 440 1842 exaequenda
448 1782 548 1828 talione
557 1795 608 1828 non
624 1783 747 1830 licentiae
757 1784 798 1830 iua
807 1784 868 1830 ha·-

54 1853 109 1908 bet‚
127 1851 173 1898 red
186 1851 390 1910 imprudentiae?
426 1851 466 1896 Π.
484 1849 535 1895 Sed
551 1849 610 1896 etri
621 1850 853 1909 prudenrmperiq

53 1930 209 1976 nequaqnam
219 1918 333 1977 patietur
342 1920 389 1964 eut
396 1917 476 1964 altine
484 1929 512 1962 re
524 1916 602 1973 iaedi,
612 1918 657 1963 ant
666 1916 754 1963 latine.
777 1916 853 1970 Quod

54 1985 199 2032 eninemndi
212 1986 280 2033 libra
289 1988 365 2044 atque
375 1996 496 2032 mensura
505 1982 592 2030 caveri
602 1982 697 2045 poerit,
714 1996 768 2030 uon
777 1995 853 2042 repe·

53 2052 103 2098 rio.
136 2053 177 2099 18.
192 2052 263 2107 Quin
271 2050 533 2110 etiam‚riquidp1nr
544 2052 603 2111 erit,
613 2050 724 2097 aliterve
735 2050 853 2097 commir-
866 2080 868 2084 -

54 2132 116 2180 rum,
127 2130 169 2166 rea
179 2120 223 2165 det
231 2119 359 2166 ridiculae
366 2117 524 2174 atrocitatie,
538 2119 567 2162 nt
576 2117 708 2164 cornaria
717 2117 785 2163 actia
795 2131 853 2163 mu·

52 2191 112 2233 tuae
122 2186 230 2233 talionir
241 2187 348 2247 oriatur,
363 2189 389 2233 et
398 2186 533 2233 adolerent
541 2184 642 2231 infinita
651 2184 774 2243 quaedam
783 2183 852 2230 reri·

52 2253 170 2312 precatio
178 2254 315 2301 talianum.
348 2255 390 2299 le.
407 2255 474 2301 Nam
489 2252 520 2298 de
534 2251 693 2299 immanitate
702 2250 752 2297 illa
762 2264 851 2297 recau-

53 2321 78 2367 di
91 2321 273 2381 partiendique
287 2320 390 2368 humani
404 2318 537 2378 carparis,
557 2320 658 2365 uuum
668 2319 701 2365 eb
717 2317 851 2376 pecuniam

53 2388 164 2435 debitam
173 2389 336 2436 adiudicatae
350 2387 517 2446 addictusque
528 2385 565 2433 ait
573 2385 705 2444 pinribnr,
723 2398 778 2431 non
787 2383 853 2430 libet

51 2456 213 2516 meminiree3
232 2457 259 2503 et
272 2453 345 2515 piget
359 2454 454 2501 dicere·
489 2452 559 2506 uuir
572 2453 641 2499 enim
660 2452 745 2499 videri
764 2454 852 2511 pateat

53 2521 197 2580 efferatinr,
220 2524 283 2582 qnid
304 2526 335 2570 ab
350 2520 461 2570 inermia
486 2519 593 2577 ingenie
614 2519 756 2578 divertire,
775 2531 869 2575 quarn¹

52 2589 121 2647 qued
129 2592 241 2637 membra
251 2593 278 2638 et
286 2593 358 2638 artur
369 2588 455 2647 inopie
466 2586 592 2634 debitoris
606 2585 757 2633 breviarimo
768 2584 851 2631 lania·

51 2661 81 2704 tn
97 2656 280 2722 distrabantur,
300 2658 369 2708 eicut
381 2670 452 2704 uuae
467 2656 535 2703 buna
551 2668 644 2703 venum
658 2653 851 2703 dirtrahunturt
