2067 3034
298 162 380 220 uro.
402 158 482 210 xvi.
518 161 607 208 cnr.
628 164 668 209 ιι.
837 150 889 211 sti

81 279 160 330 unius
172 277 213 328 rei
228 279 318 339 plures
331 281 485 339 appareant:
509 279 583 336 item,
601 281 631 325 ut
645 279 777 337 speculum
787 279 814 325 in
825 280 887 328 loco

81 353 154 396 certo
164 348 285 407 positum,
296 348 364 394 nihil
372 348 511 407 imaginet3
533 348 658 392 aliorsum
669 347 833 403 translatum,
848 350 889 394 la.

83 417 136 463 ciat
145 415 282 473 imagines:
301 416 376 476 item,
398 414 421 460 si
429 408 517 461 reatris
526 414 658 471 speculum
668 418 783 472 spectes,
802 416 887 474 imago

82 485 128 530 nat
137 486 182 529 tua
191 482 328 538 eiusmodi,
342 485 371 529 ut
380 484 458 541 caput
468 482 588 527 deorsum
600 480 728 535 videatur,
743 481 821 539 pedes
831 496 890 529 sur·

83 563 149 596 sum.
183 550 279 595 Reddit
288 550 367 596 etiam
377 562 466 595 causas
477 562 509 594 ea
519 548 671 607 disciplina,
692 562 737 593 cur
747 548 815 595 istae
825 562 891 607 quo-

82 631 135 675 que
155 616 272 665 visiones
292 618 398 675 lallant3
417 619 461 676 ut,
480 614 590 673 quaein
605 628 671 672 aqua
685 606 889 675 conspiciuntur,

82 684 185 732 maiora
195 685 227 731 ad
238 685 329 732 oeulos
339 685 413 742 fiant3
433 697 498 741 quae
509 683 602 741 procul
613 685 644 729 nb
655 683 738 729 oculis
748 685 822 744 sunt,
841 684 891 730 mi·

82 767 159 800 nora.
193 754 219 797 4.
236 744 368 809 Καιοιικὴ
390 751 474 797 autem
492 749 672 808 longitudines
691 754 717 796 et
736 751 890 798 altitudines

83 820 159 867 vocis
173 820 301 865 emetitur.
336 816 453 876 Longior
471 830 593 864 mensura
605 817 679 864 vocis
699 812 808 880 ῥυθμός
822 819 889 866 dici-

84 890 141 948 tur,
161 886 241 933 altior
257 883 343 947 μελος.
379 888 403 931 5.
426 884 475 931 Est
488 887 514 930 et
529 884 582 930 alia
596 884 696 942 species
711 881 889 953 [Καιοιιιῆς],

83 969 151 1013 quse
166 954 314 1013 appellatur
324 944 446 1015 perpuri:
466 965 513 1011 per
526 965 602 1009 quam
620 952 778 1010 syllabarum
795 954 891 1012 longa·

82 1036 141 1069 rum
152 1023 178 1067 et
191 1021 307 1068 brevium
317 1022 343 1066 et
352 1019 520 1065 mediocrium
530 1019 664 1079 iunctura,
684 1020 710 1063 et
722 1021 813 1065 modus
827 1034 891 1067 con-

83 1102 179 1149 gruens
190 1103 247 1135 cum
256 1087 393 1147 principiis
404 1086 581 1147 Geometriue,
598 1085 700 1131 aurium
708 1100 831 1133 mensura
841 1101 890 1155 ex-

83 1156 223 1204 ominatur.
258 1158 282 1200 o.
301 1155 353 1200 Sed
366 1154 440 1213 duee,
460 1153 545 1211 inquit
559 1156 597 1200 Μ
607 1154 705 1212 Varro,
725 1162 773 1203 urst
788 1148 889 1200 ιιιιιιιιιιιι

83 1239 135 1271 nort
144 1224 276 1282 discimus:
294 1228 342 1270 aut
348 1223 428 1281 prius
443 1223 599 1282 desistimus,
616 1235 695 1280 quum
704 1223 890 1283 intelligamus,

84 1305 135 1339 cur
143 1292 265 1338 discenda
275 1291 335 1336 sint.
373 1288 500 1349 Voluptas
510 1296 607 1345 autern,
625 1287 720 1344 inquit,
734 1291 777 1335 sel
784 1291 889 1337 utelitas

84 1361 178 1408 talium
188 1356 405 1415 disciplinarum
393 1370 420 1401 ιιι
426 1358 624 1414 postprincipiis
634 1358 747 1415 exsistit,
762 1371 818 1403 eum
824 1356 890 1416 p'er·

78 1426 177 1491 sectae
191 1424 377 1483 absolutaeque
390 1429 462 1469 sunt:
482 1424 509 1469 in
521 1424 663 1483 principiis
677 1437 741 1470 sero
754 1425 828 1484 ipsis,
849 1426 890 1471 in-

85 1498 165 1555 eptae
175 1497 202 1539 et
210 1494 329 1538 insuaves
338 1490 466 1537 cillentur.

334 1611 520 1664 CAPUT
555 1610 640 1663 XIX.

31 1727 45 1740 ,,
86 1679 172 1728 sumta
186 1677 286 1725 historia
298 1696 327 1725 ee
335 1680 449 1724 Herodoti
461 1680 520 1724 libro
532 1681 610 1737 primo
619 1694 686 1737 super
690 1679 789 1737 fidicine
796 1680 890 1738 Arione.

122 1760 136 1807 l
167 1757 253 1807 Celeri
272 1758 405 1807 admodum
424 1759 450 1803 et
469 1757 577 1804 cohibili
597 1761 725 1816 oratione,
745 1772 890 1818 vocumque

85 1830 132 1877 filo
147 1827 224 1874 tereti
240 1830 266 1874 et
279 1829 387 1875 candido
404 1826 521 1874 fabulam
530 1826 635 1885 scripsit
648 1828 797 1873 Herodotus
812 1841 892 1885 super

85 1896 189 1944 lidiciue
199 1895 248 1941 illo
259 1895 365 1941 Arione.
400 1898 425 1941 2.
443 1895 537 1951 Vetus,
556 1894 653 1953 inquit.
673 1899 699 1939 et
713 1894 812 1941 nobilis
825 1894 890 1940 Ario

86 1967 206 2011 cantator
216 1962 308 2010 fidibus
319 1963 377 2009 tuit.
404 1966 428 2009 3.
440 1965 464 2007 ls
475 1963 536 2008 loco
547 1961 676 2023 etoppido
686 1962 891 2019 Methymnaeus,

84 2035 157 2078 terra
167 2034 244 2087 atque
254 2029 342 2077 insula
351 2030 421 2077 omni
431 2030 541 2075 Lesbius
553 2030 612 2079 luit.
646 2033 673 2075 4.
689 2029 758 2074 Eum
767 2029 890 2074 Arionem

84 2111 137 2162 rex
147 2098 265 2143 Corinthi
276 2097 416 2144 Periander
425 2097 535 2143 amicum
548 2100 712 2156 amatumque
723 2096 812 2143 babuit
826 2095 890 2141 artis

85 2165 179 2225 gratia.
214 2169 239 2211 5.
248 2221 249 2224 ¹
258 2167 283 2211 1s
300 2165 360 2210 inde
375 2178 391 2210 a
405 2178 467 2222 rege
483 2163 664 2222 proficiscitur,
682 2163 767 2210 terras
776 2162 890 2221 inclytas

87 2233 204 2281 Siciliam
215 2235 291 2291 atque
302 2232 405 2278 ltaliam
414 2231 507 2277 risere.
545 2235 569 2277 6.
590 2231 639 2277 Ubi
653 2244 684 2277 eo
696 2229 780 2288 venit,
800 2243 890 2276 aures-

86 2314 135 2359 que
150 2299 263 2346 omniurn
276 2302 424 2357 mentesque
441 2298 469 2344 iu
482 2297 617 2355 utriusque
633 2302 719 2344 terrae
728 2298 834 2346 urbibus
844 2299 890 2344 de-

86 2367 192 2424 mulsit,
211 2367 239 2414 in
249 2366 395 2424 quaestibus
407 2366 467 2412 istic
481 2366 508 2411 et
523 2365 699 2424 voluptatibus
709 2365 891 2421 amoribusque

85 2433 218 2481 hominum
233 2434 290 2480 luit.
326 2436 351 2479 l.
371 2436 397 2479 ls
410 2436 464 2480 turn
478 2424 584 2492 piostea,
603 2432 694 2491 grandi
704 2432 816 2491 pecunia
825 2435 851 2478 et
861 2446 890 2478 re

85 2502 155 2548 bona
165 2503 246 2548 multa
256 2501 386 2560 copiosus,
399 2500 551 2549 Corinthum
561 2500 676 2546 instituit
685 2502 780 2547 redire.
802 2505 827 2545 8.
837 2501 892 2546 Ns·
958 2529 961 2535 -

86 2581 144 2615 rem
156 2569 234 2627 igitur
245 2572 271 2615 et
280 2572 381 2629 nautas,
395 2573 425 2615 ut
434 2568 552 2615 notiores
563 2568 748 2625 amicioresque
758 2566 824 2614 sibi.
842 2568 891 2611 Co-

87 2635 197 2683 rinthios
208 2636 312 2694 delegit.
349 2640 372 2683 9.
392 2638 444 2683 Sed
453 2649 485 2682 eo
497 2634 647 2682 Corinthios
657 2635 760 2682 homine
770 2637 890 2691 accepto,

88 2703 200 2763 narique
215 2703 242 2750 iu
257 2704 336 2753 altum
352 2707 489 2767 provecte,
507 2703 619 2766 praedae
630 2704 806 2764 pecuniaeque
817 2701 890 2760 cupl-

1025 2697 1027 2776 ἰ
