2067 3034
137 160 189 212 282
386 161 497 207 AULI
532 160 692 206 GELLll

134 281 189 345 lia,
209 281 284 338 etque
298 272 327 326 in
343 276 473 338 principio
484 280 545 325 suut
556 278 647 336 uvida3
667 292 721 325 non
730 279 900 325 maturamox
914 278 945 323 s-

114 375 117 378 ι
134 353 194 407 unt,
214 348 261 394 sed
275 347 367 406 putria.
403 350 426 393 6.
445 347 655 404 Relinquendum
670 346 749 404 igitur
764 346 846 393 visum
859 350 900 392 est
914 345 943 391 in

134 414 252 477 ingenio,
262 414 331 474 quod
340 414 395 461 dies
407 417 483 472 etque
491 417 563 460 aetas
572 414 696 460 mitificat.

397 512 583 563 CAPUT
617 511 674 563 lll.

162 577 201 623 An
209 576 322 623 cacabate
333 578 400 623 laec:
419 580 600 623 necessitudo
619 586 643 623 et
656 578 814 623 necessitas
829 574 939 636 differen-

156 663 157 669 =
193 636 213 679 ti
220 635 392 691 significatione
400 634 453 678 sine

134 719 140 727 ·
170 697 193 742 1.
205 696 268 741 Risu
278 708 384 754 prorsus
395 698 470 753 atque
480 696 542 743 ludo
552 708 595 743 res
606 694 684 753 digna
693 698 741 756 est,
751 709 807 741 cum
818 692 940 752 plerique

134 762 360 821 grammaticorum
370 766 528 821 asseverant,
539 764 749 809 necessitudinem
759 765 786 807 et
794 765 939 809 necessita-

111 842 112 848 ’
135 837 186 876 tem
199 831 299 875 mutare
313 829 393 887 longe
410 829 578 887 ditioresque,
598 829 657 876 ideo
674 829 742 886 quod
750 830 891 877 necessitas
902 828 938 873 sit

135 896 175 942 vis
189 896 325 955 quaepiam
338 910 456 955 premens
467 900 493 943 et
504 910 613 955 cogens:
632 898 790 944 necessitudo
800 899 886 942 autem
896 894 935 939 di-

134 963 257 1014 saturius
267 964 394 1021 quoddam
405 968 431 1010 et
440 964 571 1010 vinculum
581 963 724 1022 religiosae
732 961 937 1016 coniunctionis>

133 1030 211 1087 idque
220 1044 300 1077 unum
314 1030 461 1077 solitarium
472 1031 607 1090 significet.
642 1032 666 1076 2.
685 1031 757 1077 Sicut
770 1033 856 1077 autem
868 1028 938 1075 nihil

112 1111 113 1114 ¹
133 1097 271 1155 quidquam
281 1097 399 1156 interest,
413 1099 547 1144 sosacitssdo
558 1097 628 1144 dicas
637 1099 670 1143 a'u
680 1100 816 1160 suavitas,
835 1098 940 1145 sauti-

134 1165 195 1211 tada
206 1178 238 1209 an
248 1167 387 1220 sanctitas,
398 1165 548 1212 acerbitato
558 1178 590 1211 eu
601 1166 742 1224 acerbitas,
753 1165 884 1226 acritudo,
891 1177 936 1221 au,

134 1232 204 1289 quod
218 1230 305 1277 Attius
321 1231 349 1277 in
358 1233 532 1290 Neoptolemo
548 1232 665 1292 scripsit,
685 1235 803 1279 accitas:
822 1230 937 1278 itanilril

132 1297 244 1346 rationis
255 1298 307 1345 dici
317 1300 413 1356 potest,
427 1298 490 1356 quin
499 1301 660 1347 necessitudo
670 1303 698 1345 et
706 1302 848 1347 necessitas
859 1311 937 1357 sepa-

133 1367 235 1413 rentur.
270 1367 293 1412 3.
311 1368 400 1423 ltaque
415 1365 443 1412 in
459 1365 534 1412 libris
549 1369 664 1412 veterum
675 1368 756 1426 vulgo
765 1367 882 1425 reperias
891 1379 938 1411 ne-

134 1432 312 1482 cessitudinem
326 1431 391 1489 dici,
408 1445 455 1491 pro
471 1446 518 1492 eo,
536 1432 605 1490 quod
613 1446 747 1480 necessum
757 1437 805 1480 est.
840 1435 865 1479 4.
885 1433 938 1481 Sed

134 1502 276 1546 necessitas
290 1513 352 1546 sane
362 1514 409 1558 pro
421 1500 478 1547 iure
489 1500 627 1557 officioque
635 1501 818 1548 observantiae
828 1501 940 1548 affinita-

134 1566 219 1623 tisque
233 1565 383 1623 infrequens
399 1571 450 1614 est:
470 1580 627 1626 quanquam,
647 1568 691 1625 qui
701 1570 733 1615 ob
742 1567 792 1615 hoc
802 1570 885 1627 ipsum
895 1568 937 1614 ius

134 1632 268 1679 affinitatis
279 1634 499 1681 familiaritatisve
510 1634 645 1681 coniuncti
655 1638 728 1693 suut,
743 1636 887 1682 necessarii
896 1635 939 1681 ‹li-

135 1703 237 1745 cuntur.
273 1704 297 1747 5.
315 1701 410 1759 Reperi
424 1704 510 1748 tamen
526 1702 555 1748 in
565 1702 685 1749 oratione
696 1705 724 1748 c.
735 1704 867 1759 caesoris,
887 1715 940 1760 quo

134 1768 262 1817 Plautiam
271 1767 432 1827 rogationem
443 1768 535 1828 suasit,
545 1773 722 1816 necessitatem
732 1770 825 1815 dictam
835 1782 882 1828 pro
892 1784 939 1815 ne·

131 1836 303 1891 cercitudine,
323 1834 349 1879 id
368 1840 408 1882 est
426 1836 484 1882 iure
503 1836 643 1883 affinitatis.
677 1838 762 1884 Verba
780 1838 844 1882 haec
863 1839 939 1883 sunt:

133 1902 259 1963 Equidem
268 1902 333 1947 milei
342 1904 431 1949 videar
442 1918 494 1962 pro
509 1910 603 1951 nostra
611 1906 767 1951 necessitate
776 1917 827 1950 non
835 1906 939 1966 labore,

133 1984 186 2018 aon
196 1984 292 2028 opera,
307 1983 357 2014 non
365 1972 496 2016 indistria
506 1972 629 2033 defuisse.
664 1974 688 2015 a.
707 1972 764 2017 Hoc
778 1984 826 2029 ego
843 1971 938 2030 scripsi

135 2037 166 2082 de
176 2036 309 2093 utriusque
319 2036 439 2083 vocabuli
449 2035 633 2097 indifferentia,
643 2037 788 2084 admonitus
799 2039 939 2084 forte-ver-

133 2104 161 2148 bi
180 2103 269 2161 istius,
290 2116 346 2150 cuns
366 2104 479 2161 legerem
495 2104 642 2163 Sempronii
660 2104 818 2165 Asellionis,
837 2105 938 2153 veteris

135 2169 278 2228 scriptoris,
290 2171 406 2229 quartum
415 2182 449 2215 ex
459 2170 570 2217 historia
580 2171 683 2230 librum,
693 2171 721 2217 in
731 2185 781 2229 quo
792 2172 938 2218 deP.Afri-

134 2249 208 2294 cano,
219 2237 294 2282 Pauli
304 2236 367 2295 olio,
379 2237 418 2282 ita
428 2236 614 2295 scriptumest:
634 2239 703 2285 Nam
712 2252 739 2285 sc
747 2247 852 2298 patrem
861 2254 938 2286 saasn

134 2302 237 2349 audisse
248 2304 332 2349 dicere
342 2303 371 2348 L.
383 2303 517 2352 Aemiliam
527 2305 652 2361 Paulum,
669 2307 744 2353 ninsis
754 2307 844 2352 bonam
854 2309 937 2365 impe·

134 2374 263 2430 satorem,
278 2371 357 2430 signis
366 2371 473 2420 collatis
482 2386 533 2419 non
542 2373 695 2429 decertare,
713 2374 767 2421 nisi
779 2386 879 2422 sanna
888 2388 946 2421 ne-·

132 2435 258 2483 cessitado
269 2443 317 2482 asst
327 2449 426 2485 sasima
435 2440 462 2484 ei
469 2443 573 2487 occasio
584 2442 652 2487 data
661 2446 738 2487 esset.

398 2530 586 2583 CAPUT
620 2532 674 2586 lv.
713 2540 715 2545 “

143 2599 146 2608 ⁴
162 2591 315 2702 mmmm,
330 2594 460 2639 Alexandri
472 2598 565 2650 macra,
582 2599 652 2643 concis
665 2614 694 2643 ae
703 2601 805 2657 prudens
820 2600 939 2657 odfitium

171 2709 193 2753 l.
213 2710 242 2754 lu
257 2708 388 2767 plerisque
401 2714 576 2763 monumentis
589 2728 676 2766 rerum
686 2716 716 2764 ab
727 2715 878 2764 Alexandro
893 2732 939 2778 geo
