2067 3034
312 120 448 170 urm
483 120 573 168 cAP.
593 121 637 170 2³.
832 85 897 173 239ι

74 241 185 287 verbum
195 238 347 300 transgredi
356 238 497 286 convenire
507 253 562 285 non
571 238 672 296 putavit
680 251 763 296 neque
771 240 884 287 volanti

73 309 125 354 bus
136 321 220 365 oeque
231 304 396 365 serpentibus
406 320 488 363 neque
497 305 693 364 navigantibus,
709 307 783 352 sed
767 321 800 353 us
810 308 884 367 solis,

6 378 9 388 '
74 374 122 433 qui
139 372 293 431 gradiuntur
303 374 330 417 et
347 372 455 431 pedihus
470 373 521 419 iter
536 372 702 419 emetiuntur
743 374 886 431 Propterea

68 443 184 501 negant,
196 440 264 519 apud
274 438 426 498 scriptorem
435 439 558 486 idoneum
568 441 612 485 aut
621 440 726 486 navium
736 447 885 502 transgres-

75 521 134 557 tarn
150 506 263 566 reperiri
278 519 363 565 posse,
383 508 428 552 aut
442 520 488 565 pro
504 506 718 553 transfretatione
737 513 887 568 transgres-

76 589 143 624 sum.
178 576 204 619 6.
222 572 273 619 Sed
283 587 379 631 quaero
391 587 450 632 ego,
461 587 508 620 cur
517 587 580 635 non,
593 573 672 620 sicuti
681 589 773 623 carsae
782 576 887 623 navium

76 644 150 689 recte
166 639 218 686 diei
233 641 332 700 solent,
351 640 388 686 ita
398 647 577 701 transgressas
592 639 670 687 etiam
681 643 792 690 navibus
803 644 886 691 ischis

78 708 133 756 dici
143 708 243 766 possiti
264 707 417 765 praesertim
427 722 484 753 eum
493 707 607 754 brevitas
617 711 669 753 tam
679 710 783 768 angusti
793 711 887 772 fretus,

77 775 125 835 qui
134 778 232 821 terram
240 774 356 822 Air'ioam
363 774 565 832 Hispaniamque
575 775 710 837 interfluit,
718 777 887 836 elegantissi-

78 857 122 890 me
133 843 351 903 transgressionis
360 842 489 888 vocabulo
496 872 504 896 ‚
519 841 594 899 quasi
609 855 751 898 paucorum
760 845 886 903 graduum
897 899 899 904 ,

80 908 203 969 spatium,
214 908 318 956 definita
328 909 371 955 sit.
407 910 432 954 i.
453 908 504 962 Qui
516 908 695 955 auctoritatem
705 913 792 964 autem,
799 911 887 970 requi·

79 979 150 1033 runt,
171 979 197 1022 et
206 979 303 1035 negant
312 975 408 1023 dictum
417 976 520 1036 ingredi
528 977 710 1035 transgredire
721 977 749 1022 in
758 979 887 1037 nauigan-

81 1045 166 1100 tibus,
182 1044 243 1091 volo
255 1042 293 1089 uti
303 1043 490 1105 respondeant,
507 1045 630 1101 quantum
643 1042 794 1091 existiment
803 1045 886 1092 inter-

81 1125 140 1158 esse
149 1110 488 1173 iagrediatqueambnlare.
521 1112 550 1160 ,8.
568 1110 648 1168 Atqui
657 1112 693 1155 M.
704 1112 767 1158 Cato
779 1112 807 1158 in
816 1112 885 1159 libro

58 1195 61 1200 ’
81 1181 120 1226 De
130 1179 167 1225 Re
178 1179 289 1226 rustica:
307 1178 425 1238 Fundus,
443 1176 537 1235 inquit,
551 1191 581 1224 eo
591 1179 683 1224 irtaco
693 1178 826 1226 leniendas
837 1186 885 1239 est,

81 1253 110 1293 nt
129 1252 155 1291 et
169 1247 289 1306 oppidano
302 1260 387 1305 prope
402 1247 516 1304 arreptans
532 1247 580 1304 sis,
604 1252 630 1291 et
643 1260 717 1308 nsare
731 1254 780 1293 aut
793 1250 886 1304 amnes,

81 1328 136 1375 qna
149 1328 229 1361 nares
242 1314 387 1360 ambolant.
423 1315 446 1358 9.
464 1311 602 1371 Appetitas
614 1326 693 1370 porro
706 1313 887 1362 huiuscemodi

82 1381 284 1436 translationes,
302 1379 455 1437 habitasque
473 1393 531 1425 esse
545 1393 593 1438 pro
605 1378 809 1427 honestamentis
825 1395 885 1429 ora-

82 1448 172 1506 tionis,
181 1447 318 1495 Lucretius
328 1460 429 1510 qnoque
439 1446 616 1492 testimonium
625 1446 652 1492 in
663 1448 710 1494 hac
721 1450 809 1495 eadem
822 1450 885 1496 voco

83 1516 157 1563 dicit
184 1517 213 1562 ln
223 1517 312 1573 quarto
323 1514 392 1564 enim
401 1513 470 1560 libro
480 1513 619 1560 clamorem
628 1527 674 1594 per
683 1516 793 1562 arterias
803 1519 829 1563 et
839 1530 885 1575 per

83 1586 174 1631 fauces
193 1583 352 1641 gradientem
373 1580 448 1640 dieis,
468 1582 538 1638 quod
555 1583 595 1627 est
611 1582 691 1627 nimio
706 1583 884 1643 confidentius,
961 1607 962 1610 =

6 1653 7 1658 ’
82 1658 159 1710 quam
173 1650 240 1696 iilud
254 1650 285 1696 de
298 1648 409 1695 naribus
422 1647 619 1695 Sallustianum
655 1652 752 1696 Versus
769 1650 885 1697 Lucretii

81 1718 109 1766 hi
119 1720 196 1767 sunt·

96 1781 290 1848 [corpoream
296 1797 398 1845 quoqne
402 1785 467 1830 ιιιιιιι
473 1797 560 1830 aoeera
569 1784 894 1848 sossstaresatendaasest,

85 1879 88 1886 ›
114 1852 155 1900 Ee
162 1856 281 1912 sonitrrm,
292 1853 412 1912 qnoniam
418 1857 531 1911 possunt
540 1853 672 1910 impellere
682 1848 790 1916 sensas]

114 1920 153 1969 Pi·
153 1920 303 1966 aeterrastit
311 1921 377 1964 eain
386 1918 543 1979 nonfaaees
552 1931 640 1979 saepe,
644 1919 768 1980 facitque

85 1987 260 2047 Asperiora
263 1986 347 2049 foras
355 1988 479 2047 gradiens
490 1989 595 2031 arteria
605 1986 714 2033 elamor.

70 2057 124 2102 ·1s.
143 2057 283 2101 Praeterea
297 2052 460 2099 Sallustius
453 2066 480 2098 sn
491 2053 582 2099 eodem
592 2053 660 2098 libro
671 2067 724 2099 non
736 2055 781 2099 eos
791 2043 884 2111 solum,

82 2123 126 2181 qui
141 2122 249 2169 navibus
263 2121 432 2180 veherentur,
454 2121 500 2167 sed
514 2122 542 2165 et
554 2120 661 2178 scaphas
675 2118 778 2178 quoque
792 2126 884 2167 nantes

79 2203 236 2252 progressas
248 2188 321 2235 dicit.
356 2187 457 2234 Verba
450 2201 507 2245 ipsa
518 2187 549 2233 de
560 2186 663 2245 scaphis
673 2188 763 2245 posui:
781 2178 884 2234 Earans

81 2259 162 2316 aliae,
168 2257 307 2317 paululans
317 2269 485 2317 progressae,
495 2256 579 2300 nimio
589 2255 666 2301 sinent
675 2262 701 2301 et
711 2257 811 2304 incerta
822 2270 884 2304 osse-

81 2340 111 2373 re
130 2339 186 2373 enm
196 2338 284 2387 paror
293 2337 408 2383 corpora
419 2325 580 2383 agitaverat,
590 2321 819 2380 deprimebansarr

300 2387 447 2465 CAPsU
466 2414 507 2464 Τ
527 2412 663 2465 xxvii.

109 2480 216 2526 Historia
226 2483 346 2548 depopalo
358 2481 473 2531 Romano,
485 2477 749 2547 aequepopotol’sene‘eo,
759 2478 885 2566 qsodpars'

88 2542 303 2595 propemodum
311 2536 489 2593 vigoresnerint
498 2536 589 2580 aerati.

119 2599 289 2646 l.1nliteris
304 2598 434 2645 veteribus
443 2597 569 2646 memoria
578 2599 679 2655 exstat,
700 2595 769 2654 quod
777 2608 825 2653 par
833 2593 890 2640 tuit

83 2666 248 2725 quondam
224 2680 299 2731 vrgos
309 2668 335 2715 et
343 2664 460 2716 acritudo
471 2665 666 2727 amplitudoque
675 2660 884 2727 popuiiRomaoi
