2067 3034
128 136 181 193 316
261 187 264 192 ,
305 177 309 182 .
381 133 489 183 Auur
525 133 718 181 GEIrLl‘l·

128 260 187 311 dos,
209 253 308 314 cepisse
323 249 461 300 consillum
477 252 509 298 de
522 252 638 298 necando
655 249 765 298 Arione.
803 244 852 298 lbj
871 251 947 299 Tum

119 326 201 374 illum
217 323 265 384 ibi,
274 329 276 336 “
285 321 401 380 pernicie
415 320 566 376 intellecta,
583 318 720 377 pecuniam
730 321 947 381 ceteraque-sua,

124 392 299 450 art-baberent,
310 387 426 433 dedisse:
439 386 518 433 vitam
529 387 606 432 modo
617 386 666 431 sibi
677 389 706 431 ut
715 390 864 447 parcerent,
877 401 948 433 ora-

44 463 46 474 *
128 459 208 505 visse.
245 458 285 502 11.
304 457 403 502 Nautas
413 467 516 513 precum
527 454 583 500 eius
593 454 683 498 barum
693 453 887 501 commisertum
899 468 947 500 es-

130 539 158 572 se
172 526 320 577 illactenus,
340 524 369 567 ut
383 522 407 567 ei
421 535 510 568 necem
526 521 618 567 afferre
632 533 680 578 per
690 522 742 567 vim
752 521 808 567 suis
817 522 946 568 manibus

129 591 314 650 temperarent3
333 589 380 634 sed
394 588 577 647 imperavisse,
596 590 625 633 ut
635 588 686 633 iam
696 590 783 634 statim
795 603 884 635 coram
896 590 946 635 de-

130 660 216 707 siliret
226 670 350 716 praeceps
362 655 390 701 io
399 669 480 702 mare.
518 657 568 701 12-
576 656 674 710 Homo,
693 655 790 715 inquit,
810 656 849 702 ibi
859 656 945 701 terri-

129 730 184 784 tus,
204 738 250 783 spe
261 723 333 769 omni
343 723 412 769 vitae
422 722 538 782 perdita,
558 722 585 767 id
595 736 673 768 unum
688 726 781 781 postea
791 723 887 780 oravit,
910 725 944 768 ut

129 793 211 853 prius,
222 804 296 848 quam
305 793 413 836 mortem
424 791 567 849 oppeteret,
579 789 687 835 induere
699 791 882 848 permitterent
892 802 945 837 sua

83 903 88 916 ,
132 860 181 906 sibi
194 854 305 920 [omnia]
322 858 485 913 indumenta,
504 858 531 903 et
540 856 602 903 tides
613 870 718 915 capere,
736 859 762 903 et
772 871 868 904 canere
880 871 943 903 car-

130 941 189 973 men
200 938 274 971 casus
285 925 358 970 illius
369 924 410 970 sui
420 924 591 991 consolabile.
624 925 664 970 13.
681 925 764 971 Feros
775 928 801 969 et
810 925 942 971 immanes

129 997 223 1040 nautas
236 992 383 1051 prolubium
397 995 451 1038 tum
465 990 590 1038 audiendi
604 991 681 1036 subit.
705 992 795 1046 *Quod
805 995 941 1054 oraverat,

130 1061 260 1120 impetrat.
297 1061 336 1105 14.
355 1061 438 1116 Atqu'e
448 1058 485 1105 ibi
494 1072 558 1106 mox
569 1059 600 1105 de
609 1072 682 1105 more
692 1059 802 1119 cinctus,
815 1060 941 1115 amictus,

131 1132 248 1187 ornatus,
259 1129 380 1185 stansque
390 1127 417 1171 in
427 1139 540 1172 summae
550 1126 643 1185 puppis
654 1127 721 1183 toro,
738 1141 851 1187 carmen,
866 1127 938 1183 quod

131 1195 245 1242 ortbium
256 1193 358 1254 dieitur,
369 1205 435 1239 voca
444 1193 621 1239 sublatissima
631 1194 753 1240 cantavit.
787 1196 829 1241 lo.
840 1194 881 1240 Ad
890 1208 941 1252 po·

131 1266 226 1309 strema
236 1264 333 1319 cantus,
350 1273 406 1306 aum
415 1260 507 1307 fidibus
517 1263 663 1317 ornatuque
674 1261 758 1321 omni,
772 1260 841 1307 sicut
852 1262 940 1308 stabat

130 1331 304 1387 canebatque,
323 1326 387 1372 iecit
400 1340 457 1373 sese
470 1328 562 1387 procul
577 1327 606 1374 in
620 1329 793 1385 protundum
826 1330 938 1386 Nautae,

128 1395 325 1453 haudquaquam
336 1394 496 1453 dubitantes,
515 1395 577 1453 quin
588 1396 707 1454 perisset,
728 1408 842 1455 cursum,
862 1404 938 1453 quem

131 1466 218 1511 facere
229 1465 378 1522 coeperant,
392 1466 541 1508 tenuerunt.
579 1463 617 1508 ld.
637 1462 690 1509 Sed
700 1475 797 1509 novum
808 1465 834 1509 et
842 1463 938 1509 mirum

131 1534 159 1578 et
171 1530 243 1589 pium
256 1529 357 1575 lucinus
370 1530 487 1589 contigit.
514 1529 680 1587 ‚Delphinum
690 1533 797 1589 repente
809 1532 878 1576 inter
888 1544 937 1576 un-

133 1599 178 1644 das
198 1595 345 1657 adnavisse,
365 1598 527 1658 fluitantique
542 1610 598 1643 sese
613 1597 712 1643 bomini
731 1597 890 1655 subdidisse,
911 1601 938 1644 et

133 1663 212 1711 dorso
221 1669 307 1721 ‘super
321 1664 412 1710 ductus
428 1664 498 1713 edito
514 1664 671 1721 vectavisse3
691 1664 868 1722 incolumique
879 1663 944 1712 eum'

132 1743 243 1791 corpore
253 1734 282 1777 et
290 1735 383 1777 ornatu
394 1733 539 1780 Taenarum
553 1731 685 1779 interram
694 1732 850 1779 Laconicam
859 1733 937 1779 deve·
1013 1750 1014 1753 ¹

130 1800 212 1849 xiase.
241 1801 281 1845 lt.
299 1798 365 1845 Tum
374 1798 498 1848 Arionem
508 1815 616 1860 prorsus
627 1814 660 1847 ex
671 1813 702 1845 eo
714 1800 773 1846 loco
785 1799 937 1847 Corinthum

130 1865 267 1928 petivisse:
286 1866 415 1923 talemque
426 1868 568 1915 Periandro
578 1868 642 1928 regi,
659 1867 744 1925 qualis
756 1866 878 1925 delphino
888 1879 936 1913 ve·

131 1939 188 1983 ctus
199 1936 293 1992 fuerat,
303 1933 449 1993 inopinanti
461 1948 518 1982 sese
529 1936 670 1982 obtulisse:
690 1933 765 1991 eique
774 1948 841 1997 rem,
856 1932 935 1981 sicuti

131 2002 269 2061 acciderat,
280 2001 437 2048 narravisse.
473 2005 514 2049 81,
533 2003 628 2060 Regem
638 2003 736 2049 isthaec
750 2015 840 2060 parum
850 2002 936 2048 credi·

131 2071 214 2116 disse:
233 2068 371 2127 Arionem,
386 2069 459 2125 quasi
471 2070 584 2125 falleret,
606 2069 731 2115 custodiri
742 2068 863 2115 iussisse:
891 2070 934 2116 19.

128 2137 235 2185 navitas
245 2135 393 2193 inquisitos,
403 2137 524 2195 oblegato
534 2137 640 2195 Arione,
650 2136 844 2194 dissimulanter
853 2135 935 2183 inter·

130 2216 251 2262 rogasse,
270 2202 362 2259 ecquid
376 2205 510 2250 audissent
524 2205 552 2249 iu
566 2204 599 2249 iis
616 2204 695 2266 locis,
714 2204 782 2249 unde
793 2202 933 2263 venissent,

133 2283 213 2329 super
227 2269 340 2316 Arionet
374 2273 416 2317 2⁰.
435 2273 489 2318 Eos
508 2271 621 2328 dixisse,
638 2272 779 2328 bominem,
799 2284 855 2316 cunr
872 2270 933 2318 iude

132 2337 216 2394 irent,
236 2335 263 2380 in
276 2339 346 2381 terra
355 2338 433 2384 ltalia
447 2339 541 2385 fuisse:
561 2353 668 2396 eumque
683 2338 741 2386 illic
750 2341 815 2402 bene
826 2335 933 2399 agitare,

137 2404 164 2447 et
178 2400 272 2446 studiis
288 2402 557 2462 delectationibusque
569 2407 671 2452 urbium
690 2407 797 2464 llorere3
816 2408 891 2462 atque
907 2406 937 2452 iu

137 2466 223 2524 gratis
236 2467 398 2526 pecuniaque
412 2486 504 2530 magna
514 2473 664 2530 opulentum
676 2474 884 2529 fortunatumque
894 2486 937 2519 es-

137 2546 176 2579 se.
208 2533 249 2576 21.
268 2532 332 2577 Tum
342 2535 410 2582 inter
420 2538 482 2585 baec
491 2552 582 2585 eorum
592 2541 671 2587 verba
683 2540 806 2587 Arionem
816 2555 871 2587 cum
881 2540 937 2587 idi-

137 2600 184 2645 bus
195 2601 221 2644 et
233 2596 401 2660 indumentis,
418 2617 473 2649 eum
485 2606 577 2661 quibus
588 2621 615 2653 se
626 2609 653 2652 in
663 2608 746 2654 salum
755 2608 944 2664 eiaculaverat,

139 2664 286 2711 exstitisse:
308 2667 348 2712 22.
363 2672 456 2714 nautas
470 2673 629 2729 stupefactos
640 2674 824 2734 convictosque
834 2677 873 2724 ire
882 2677 937 2724 iud:
