2067 3034
321 158 504 211 LIBAUX.
543 159 677 206 cnm.
777 212 786 234 1
848 155 902 215 425

97 279 124 323 6.
143 276 314 323 Haerentem
327 281 419 324 uotsre
433 276 644 331 meminisseque,
655 287 716 320 non
731 275 762 321 eb
773 286 803 322 re
817 272 901 325 visum

97 346 153 391 est:
170 343 300 401 quonism,
313 344 500 389 vocabulorum
509 355 677 389 numerorum
686 341 739 388 nisi
748 341 902 401 intelligun-

96 413 156 469 tur,
175 410 290 457 sationes
300 412 425 466 quaeram
440 410 639 468 subtilissimae,
658 408 688 456 in
696 408 771 455 libris
782 409 901 468 pbiloso-

97 477 207 536 phorum
219 477 336 537 scriptae,
347 477 448 535 percipi
457 490 510 523 non
519 479 627 535 queunt.

356 575 545 628 CAPUT
580 574 645 626 XV

98 643 196 692 Quod
203 642 239 685 M
251 641 346 685 Verso⁸
336 657 360 685 m
369 642 444 686 herois
453 642 552 685 versibus
561 644 717 686 observarent
724 654 773 685 rem
781 642 850 686 niens}
859 657 901 687 oss·

157 700 212 743 uiae
221 705 245 742 et
254 699 355 742 curiosae
364 698 536 742 observationis

98 777 160 821 ¹l.
179 776 208 820 In
219 774 304 832 longis
315 773 449 827 versibus,
469 771 672 829 quiHexsmetri
682 774 820 832 vocantur,
840 775 905 824 item

101 843 130 889 in
141 841 266 896 senariis,
273 839 511 886 animadverterunt
521 839 632 898 metriei,
640 840 703 886 duos
712 841 809 899 primos
816 843 904 903 pedes,

101 909 164 955 item
174 908 306 953 extremos
318 906 390 966 duos,
399 906 493 952 habere
503 904 621 963 singulos
631 919 708 964 posse
719 907 833 965 integras
843 922 904 968 pnr-

100 981 143 1022 tes
153 974 293 1031 orationis,
307 973 408 1019 medios
419 972 488 1017 baud
496 985 607 1028 unquam
617 987 709 1030 posse:
728 973 773 1019 sed
784 978 904 1023 constare

102 1055 149 1089 eos
159 1054 259 1100 semper
268 1053 302 1087 ex
311 1038 400 1087 verbis
409 1042 454 1085 sut
463 1038 567 1097 divisis,
588 1042 633 1084 sut
647 1040 738 1087 mixtis
752 1043 828 1098 etque
840 1056 905 1089 eon-

102 1108 178 1157 fusis.
212 1111 237 1155 2.
259 1110 363 1154 Marcus
378 1106 455 1152 etium
469 1106 553 1151 Varro
568 1105 684 1153 inlibris
700 1107 906 1165 Disciplinsrsuss

7 1192 11 1196 ¹
101 1175 216 1233 scripsit,
222 1176 372 1222 observasse
382 1186 439 1219 sese
449 1173 477 1218 in
486 1185 565 1219 versu
575 1172 736 1235 hexametro,
743 1173 810 1231 quod
821 1176 906 1222 omni·

102 1243 180 1290 modo
195 1242 299 1298 quintus
313 1239 426 1299 semipes
439 1242 547 1287 verbnm
562 1240 660 1286 iniret:
678 1244 705 1286 et
717 1241 785 1299 quod
801 1242 905 1299 priores

103 1309 217 1367 quinque
232 1308 374 1366 semipedes
390 1321 469 1363 neque
485 1321 603 1365 magnam
616 1308 667 1353 vim
677 1308 800 1355 haberent
811 1308 839 1356 in
851 1311 905 1355 effi·

104 1374 196 1421 ciendo
217 1387 332 1429 versum,
353 1375 429 1430 etque
448 1367 496 1418 eiii
516 1374 675 1431 posteriores
695 1378 805 1432 septem:
828 1376 904 1434 idque

105 1443 191 1499 ipsum
199 1440 301 1507 rstipne
312 1440 420 1499 quedem
429 1439 587 1498 geometrice
596 1440 652 1486 fieri
662 1440 776 1489 disserit.

320 1642 686 1671 ψ

103 1805 298 1873 LIBER
339 1805 557 1873 NONUS
599 1793 903 1875 DECIMUS.

387 1960 615 2012 CAPUTI.

133 2060 258 2124 Responsio
269 2059 384 2105 cuondam
391 2060 539 2116 philosophe,
554 2061 707 2118 interrogati,
723 2073 794 2118 quom
808 2058 836 2104 ob
851 2074 910 2104 eou-

161 2132 211 2161 sum
220 2117 291 2162 maris
300 2122 435 2175 tempestate
441 2119 568 2173 polluerat.

6 2191 8 2272 ἓ
103 2180 308 2278 Nevipsbnmus
318 2232 334 2264 s
343 2217 493 2277 Cassiopeie
502 2219 533 2264 sd
539 2218 720 2277 Brundusium,
727 2231 797 2265 mere
804 2219 904 2266 ionium

6 2325 8 2338 ,
42 2337 50 2349 A
105 2287 251 2334 violentum
266 2288 292 2332 et
306 2290 407 2332 vastum
420 2289 446 2333 et
461 2285 652 2331 isetnbunslum.
686 2289 713 2331 2.
730 2288 792 2332 Nox
802 2286 905 2349 deinde,

107 2367 172 2411 quse
182 2352 250 2399 diem
261 2353 370 2411 primum
380 2354 470 2399 secute
479 2352 565 2410 est3in
575 2366 607 2399 ee
618 2353 672 2399 iere
682 2354 738 2400 tutu
747 2355 839 2399 ventus
846 2353 905 2400 eln-

106 2423 162 2467 tere
174 2419 293 2466 saeviens
308 2434 400 2466 navem
409 2419 487 2465 undis
498 2420 683 2478 compleverat.
718 2422 743 2467 3.
761 2422 826 2466 Tum
835 2423 906 2479 post·

108 2500 139 2534 es
150 2487 369 2545 complorantibus
379 2487 476 2533 nostris
487 2488 615 2547 omnibus,
626 2490 701 2544 etque
712 2487 741 2533 in
750 2487 853 2533 sentino
863 2501 905 2534 se-

106 2553 141 2599 tis
150 2554 296 2614 egentibus,
317 2554 372 2600 dies
386 2554 488 2611 quidem
503 2554 606 2601 tandem
620 2554 721 2602 illuxit:
743 2554 788 2600 sed
797 2554 864 2600 nibil
875 2554 906 2599 de

107 2620 224 2679 periculo
239 2623 315 2679 etune
329 2621 440 2668 seevitin
453 2622 602 2681 remissum,
621 2622 684 2679 quin
698 2622 814 2669 turbines
828 2621 906 2666 etiem

109 2687 258 2753 crebriores,
264 2692 290 2738 et
300 2690 402 2738 eoelum
411 2691 503 2751 strum,
513 2692 541 2738 et
550 2690 705 2750 fumigantes
715 2690 796 2754 globi,
806 2692 831 2735 et
840 2689 906 2748 figu-
