2067 3034
148 139 199 186 240
397 140 508 185 sum
542 136 702 185 GELLll

148 261 223 320 atque
243 253 334 305 Poeni.
369 257 393 303 2.
414 258 504 316 Neque
524 255 652 304 immerito
676 253 867 304 existimatum:
896 269 957 306 nam
1007 297 1013 306 ,

148 343 205 376 eum
220 326 401 383 aliis'quitem
415 325 520 384 populis
540 326 571 372 de
586 324 791 384 uniuscuiusque
809 325 958 383 republica,

149 410 207 444 eum
216 393 312 441 Poenis
328 387 412 439 autem
428 393 459 438 (le
475 393 591 439 omnium
605 395 733 439 terrarum
743 393 854 451 imperio
865 393 959 440 ‹lecer-

148 466 233 511 tatum
248 465 296 507 est.
333 462 356 506 3.
374 459 440 505 Eius
456 459 497 505 rei
511 461 642 519 specimen
657 461 740 505 estin
754 460 803 507 illo
818 461 959 519 utriusque

148 526 243 591 populi
252 528 331 575 verbo
341 528 449 588 tectum,
472 539 529 573 eum
540 527 572 581 tl.
583 527 692 584 Fabius,
710 526 852 587 imperator
861 527 961 574 Rome-

149 611 211 658 nus‚
233 589 305 641 desiit
319 594 352 640 ad
362 591 591 652 Carthaginienses
602 593 755 653 epistolum,
773 594 817 640 ubi
832 594 961 653 scripturn

150 665 215 721 init,
229 659 354 723 populum
367 661 509 707 Romanum
518 662 621 708 misisse
631 661 663 706 atl
675 671 720 707 eos
729 660 830 707 hastam
839 666 866 707 et
878 663 960 709 caelu.

150 743 237 788 ceum,
253 728 329 787 signe
339 727 397 786 duo,
413 727 477 774 belli
489 731 534 774 aut
543 730 626 787 pacis:
646 740 731 785 exque
741 728 785 789 iis,
804 730 890 774 utrum
901 729 960 776 vel-

150 799 221 858 lent,
239 796 379 854 eligerent,
401 796 471 853 quod
486 796 643 855 elegissent,
663 794 689 840 tt
699 808 778 841 unum
786 798 884 842 utesse
894 798 960 843 mis·

151 865 207 912 s'usn
227 862 418 911 existimarent.
452 863 478 908 4.
507 862 735 923 Carthaginienses
755 862 959 927 responderunt,

149 926 270 980 neutrum
280 943 338 977 sese
350 929 459 989 eligere.
479 930 525 977 sed
534 944 621 991 posse,
637 930 681 987 qui
692 927 856 988 attulissent,
870 934 960 979 utrum

149 999 269 1058 mallent,
279 998 439 1056 relinquere,
450 998 519 1055 quod
528 998 705 1057 reliquissent,
716 997 744 1043 it
754 997 803 1044 sibi
813 1012 860 1057 pro
871 998 959 1046 eleeto

151 1030 276 1115 iuturum’.
315 1068 338 1111 t.
360 1066 464 1111 Morcus
479 1067 563 1111 autem
576 1066 659 1111 Varro
677 1077 732 1111 nou
748 1064 872 1111 hastam
865 1078 960 1126 ipsum,

151 1147 236 1194 neque
247 1134 331 1191 ipsum
341 1131 478 1178 caduceum
488 1132 566 1179 missa
577 1133 649 1190 nteit,
670 1132 716 1178 sed
727 1131 791 1179 duas
801 1133 957 1192 tesserulas;

150 1203 180 1248 tn
190 1212 298 1259 quarum
312 1198 396 1245 nitere
408 1201 561 1258 caduceum,
581 1200 609 1246 iu
623 1199 958 1248 elterahastae'simulacre

151 1265 356 1317 fueruntincise.

366 1364 553 1417 CAPUT
588 1366 739 1419 xxviii

177 1433 417 1506 Deaetotssmfitse'hus
428 1434 591 1488 pueritiae,
607 1436 753 1485 iuventae,
768 1441 913 1486 senectae,
929 1451 959 1480 es
1031 1455 1032 1465 ¹

209 1490 333 1535 Tuberonis
342 1489 441 1533 hr'storia
448 1496 555 1534 sumtum·

186 1569 211 1615 l
231 1569 260 1614 0.
273 1567 400 1615 Tubero
392 1581 420 1613 sn
429 1567 603 1614 Historiarum
613 1566 696 1626 primo
708 1567 821 1626 scripsit,
835 1568 959 1617 Servium

151 1633 277 1694 Tullium,
287 1648 375 1693 regem
386 1635 477 1692 populi
489 1634 609 1693 Romani,
624 1648 680 1681 cum
693 1635 754 1681 illes
764 1636 876 1693 quinque
887 1636 959 1683 elas·

151 1715 194 1749 ses
205 1701 342 1760 iuniorum,
354 1714 447 1747 census
457 1702 570 1749 leniendi
580 1702 673 1764 grstia,
689 1701 848 1763 institueret,
860 1716 958 1760 pueros

151 1782 210 1817 esse
220 1768 393 1831 existimasse,
399 1769 443 1826 qui
451 1769 567 1816 minores
578 1773 665 1816 essent
674 1771 750 1817 annis
759 1771 957 1828 septemdecim

151 1841 231 1895 atque
246 1836 306 1883 inde
320 1836 352 1883 als
366 1849 436 1884 anno
450 1837 687 1896 septimodecimo,
705 1838 958 1916 quodidnseoslam

151 1917 210 1950 esse
219 1904 379 1963 reipublicae
390 1903 567 1962 arbitraretur,
580 1904 679 1952 milites
689 1904 837 1963 scripsisse·
857 1918 959 1965 eosque

152 1972 185 2019 ad
200 1985 296 2018 annum
309 1971 531 2030 quadragesimum
546 1975 650 2018 sextum
668 1972 799 2033 iuniores,
826 1984 957 2033 supraque

149 2029 211 2085 ‘eunt
224 2051 319 2085 anuum
332 2039 449 2086 seniores
464 2039 620 2098 appellasse.
655 2041 681 2085 2.
702 2040 958 2100 Esmrempropte·
1010 2095 1012 2098 ¹

150 2106 305 2166 resnotavi,
319 2110 349 2152 ut
358 2106 517 2164 discrimine,
532 2119 597 2163 quae
610 2106 709 2154 inerint
718 2106 958 2156 iedieiemeribus·

150 2186 200 2233 que
208 2172 335 2220 russorum
344 2174 485 2233 pueritiae,
499 2173 632 2230 iuventae,
646 2177 774 2230 senecae,
789 2175 885 2221 exista
894 2190 958 2224 een·

151 2239 227 2287 sione
235 2239 323 2288 Servii
334 2239 428 2302 Tullii,
439 2241 636 2300 prudentissimi
645 2241 724 2305 regis,
734 2246 907 2290 noscerentur

385 2337 572 2393 CAPUT
607 2336 724 2391 xm.

180 2405 273 2462 Quodp
275 2406 376 2449 articulo
389 2414 488 2476 otqtse
489 2421 536 2451 non
550 2409 694 2466 complexiva
705 2408 841 2488 tmnaemu't,
861 2412 958 2455 sensim

206 2418 294 2505 natat
283 2464 575 2524 tplsssnelomoors'asnpse.

186 2540 209 2584 1.
228 2537 311 2598 Atque
321 2538 458 2597 particule,
477 2553 491 2587 a
502 2540 676 2600 grammaticis
687 2542 789 2600 quinem
800 2489 955 2592 coniunctio

150 2617 208 2651 esse
218 2602 312 2651 dicitnr
322 2606 509 2669 conuertunt-‚et
518 2609 669 2667 plerumque
677 2621 739 2655 sane
750 2605 885 2667 coniungit
895 2624 958 2657 ver-

149 2673 182 2718 bs
192 2674 220 2717 et
230 2670 373 2717 connectit:
393 2674 439 2719 sed
454 2674 584 2723 interdum
599 2675 667 2723 elisa
680 2676 802 2734 quasdem
812 2680 956 2735 potestates
