2067 3034
351 194 423 244 nnn
438 190 472 240 n
492 185 588 239 ‘cnm
608 193 649 241 m.
833 181 897 243 22⁰3

94 310 170 370 dieit3
189 308 319 370 Virgilius
329 312 429 372 autem,
446 324 504 356 cum
514 310 545 357 de
556 312 651 357 venatu
662 310 724 357 dese
733 309 801 358 nihil
811 311 896 360 dixis-

94 382 147 436 set,
166 379 312 437 pharetram
325 380 424 424 tantum
439 378 502 424 lacit
517 392 574 423 eam
589 380 656 425 ferre
667 378 693 423 in
704 379 819 436 humero,
839 383 897 426 tan·

94 460 171 505 quam
181 446 216 491 sit
226 459 292 491 onus
302 447 328 490 et
338 446 448 491 sarcina.
483 447 567 502 Atque
583 444 650 491 illud
660 445 775 503 impense
785 446 898 494 Probum

96 526 154 560 esse
164 512 314 558 demiratum
325 511 350 557 in
357 512 470 572 Virgilio
482 512 607 566 dicebant,
616 513 683 569 quod
693 512 832 560 Homerica
841 515 899 571 qni-

96 581 154 627 dem
163 572 245 637 Λητώ
255 579 376 637 gaudium
392 579 504 637 gaudeat
517 579 656 637 genuinum
669 581 695 625 et
708 578 836 637 intimum,
857 584 899 627 at·

96 646 182 706 quein
194 646 251 705 ipso
262 646 390 705 penetrali
401 646 486 692 cordis
497 648 524 691 et
537 646 639 692 animae
654 646 746 705 vigens
761 646 899 706 (siquidem

96 727 151 762 non
160 713 234 759 aliud
243 715 295 758 est:
321 711 419 773 γέγηθε
435 709 467 758 δέ
477 727 503 756 τε
514 712 593 775 φρένα
607 706 713 772 Λητώ);
734 712 790 771 ipse
805 717 898 774 autem,

95 778 193 829 imitari
202 781 252 827 hoc
262 780 369 840 rolens,
384 778 478 839 gaudia
492 779 585 825 fecerit
598 779 672 839 pigra
682 781 708 826 et
717 780 788 826 levia
798 783 826 827 et
836 795 898 828 cun·

96 847 195 895 clantio
205 849 232 893 et
243 846 316 905 quasi
326 846 352 892 in
364 860 460 893 summo
475 849 581 904 pectore
596 847 753 905 superantia.
788 847 898 895 Nescire

96 915 165 962 enim
175 927 241 970 sese,
252 913 312 971 quid
323 914 479 972 signiticaret
489 914 572 960 aliud:
583 920 747 973 pertentant.
769 915 809 960 16.
819 916 899 961 Prae·

95 981 137 1029 ter
151 982 201 1028 ista
217 980 304 1028 omnia
319 981 407 1027 liorem
419 980 501 1038 ipsius
512 980 591 1026 totius
602 980 655 1026 loci
664 981 805 1040 Virgilium
815 981 899 1029 videri

96 1048 226 1103 omisisse,
240 1048 308 1104 quod
317 1047 385 1093 bunc
394 1047 500 1094 Homeri
514 1060 617 1093 versum
626 1047 722 1106 exigue
733 1050 837 1094 secutus
851 1049 898 1097 sit:

126 1111 198 1162 Ῥεῖα
209 1108 235 1161 δ’
248 1106 377 1178 ἀριγνώτη
387 1110 502 1158 πέλεται·
520 1112 596 1158 καλαὶ
607 1110 638 1159 de'
644 1129 671 1160 τε
681 1113 770 1161 πᾶσαι.

97 1184 137 1230 li.
155 1182 257 1240 quando
277 1181 352 1227 nulla
371 1180 455 1227 maior
473 1181 678 1240 cumulatiorque
695 1181 897 1240 pulchritudinis

95 1250 155 1296 'raus
165 1248 217 1294 dici
226 1247 354 1308 potuerit,
369 1261 443 1305 quam
459 1248 527 1308 quod
536 1261 588 1294 una
601 1248 669 1296 inter
678 1263 766 1296 omnes
776 1249 897 1309 pulchras

96 1316 251 1373 excelleret,
259 1328 311 1362 una
321 1315 399 1361 facile
409 1327 444 1361 ex
455 1315 572 1363 omnibus
583 1320 742 1363 nosceretur.

366 1445 554 1498 CAPUT
590 1446 625 1498 X.

126 1532 193 1587 Quod
207 1528 313 1574 Annam
332 1528 443 1574 domoon
460 1543 535 1572 verriu
553 1530 656 1585 Virgilii,
676 1530 754 1598 quidus
771 1530 860 1575 J'eneras
874 1539 898 1576 tt

156 1586 254 1630 Vulcani
262 1585 405 1630 concubitum
410 1586 493 1641 punice
503 1592 621 1645 operteque
636 1587 707 1639 uixit,
727 1587 897 1670 rqsrebemions

150 1657 235 1700 qrurca
244 1648 269 1687 et
277 1642 357 1686 odiosa
365 1642 500 1698 inquinavit

131 1721 155 1766 l
162 1716 307 1764 Annianus
318 1719 395 1777 posita
404 1722 430 1764 et
441 1718 558 1777 plerique
565 1731 624 1763 cum
634 1731 673 1763 eo
680 1716 796 1763 eiusdem
805 1719 896 1765 musae

95 1786 149 1833 viri
159 1784 265 1831 summis
275 1785 436 1844 assiduisque
446 1785 569 1831 laudibus
582 1785 629 1830 bos
638 1784 746 1843 Virgilii
758 1798 847 1829 versus
857 1787 897 1831 le·

94 1854 195 1906 rebant,
205 1852 296 1909 quibus
306 1853 449 1898 Vulcanum
464 1859 490 1898 et
499 1852 738 1897 Veneremiunetos
748 1851 895 1907 mixtosque

93 1921 153 1969 irre
164 1917 294 1976 coniugii,
308 1933 362 1966 rem
372 1921 429 1979 lege
440 1924 548 1966 naturae
559 1918 736 1976 operiendam
751 1920 896 1965 verecunda

94 1988 206 2045 quadram
221 1986 394 2032 translatione
409 1988 546 2033 verborum
561 1999 617 2030 cum
632 1984 781 2030 ostenderet
791 1985 896 2032 demon·

94 2057 248 2111 straretque,
258 2053 384 2111 protexit.
419 2056 443 2098 2.
463 2053 506 2099 Sic
517 2052 585 2099 enim
596 2051 711 2110 scripsit:

128 2145 164 2155 —
171 2144 207 2154 -·
215 2119 258 2167 Ea
269 2122 350 2167 verbs
360 2122 461 2168 locutus

129 2188 241 2247 Optatos
250 2188 318 2234 dedit
328 2188 464 2247 arnplexus
471 2206 483 2244 ‚·
498 2187 680 2246 placidumque
686 2187 781 2245 petieit

131 2257 254 2316 Coniugis
264 2257 367 2317 infusus
375 2251 470 2319 grestem
477 2268 528 2313 per
537 2256 650 2300 membra
659 2267 785 2312 soporem.

94 2325 121 2382 3.
139 2322 228 2368 Minus
239 2326 323 2370 autem
333 2321 436 2369 difficile
446 2335 502 2367 esse
513 2321 715 2375 arbitrabantun'
726 2320 754 2365 in
765 2319 895 2365 istiusmo-

94 2391 121 2442 di
133 2404 163 2436 re
174 2389 283 2436 dicendo
296 2390 382 2436 verbis
396 2388 435 2433 uti
448 2400 501 2433 uno
511 2394 587 2444 atque
596 2388 680 2434 altero
690 2388 763 2433 brevi
772 2387 898 2442 tenuique

92 2470 153 2504 earn
173 2457 248 2516 signo
268 2455 515 2516 demonstrantibus,
540 2455 618 2501 sicuti
634 2457 761 2502 Homerus
779 2453 896 2500 dixerit:

91 2518 265 2601 Παρθυικὴν
280 2517 372 2584 ζωιην,
391 2520 434 2568 καὶ
448 2519 578 2586 Λέκτροιο
594 2517 711 2584 urenda,
732 2524 758 2566 et
764 2516 844 2584 Ἔργα
855 2535 897 2584 ‘V‘

92 2585 157 2637 lor'
160 2604 212 2637 σια.

130 2604 212 2702 ([Ἷώ
165 2650 258 2716 '’nlv
242 2671 275 2721 αρ
278 2650 326 2701 'ir
335 2657 454 2719 τρητοῖσι
464 2669 554 2700 scaren
531 2648 639 2700 wado
635 2653 781 2715 λεχὲωεσσιι

93 2728 119 2773 d.
141 2726 192 2772 Tot
201 2738 264 2773 vero
280 2726 309 2770 et
321 2725 373 2770 tam
382 2723 544 2770 evidentibus
555 2736 585 2769 ac
595 2727 679 2769 tamen
689 2736 740 2770 non
750 2723 897 2780 praetexta·
