2067 3034
298 153 393 200 nra.
414 152 491 200 xm.
528 140 617 200 'cin
638 157 660 201 1.
837 147 890 200 aar

85 270 218 324 monebat.
237 271 267 315 nt
279 281 437 327 meremur,
456 283 490 317 ne
504 283 554 328 qua
567 270 643 317 nnbia
656 270 702 318 iati
716 269 890 329 sycophantae

86 336 119 383 ad
130 337 274 396 faciendam
284 337 357 384 fldem
368 337 520 396 irreperent,
530 338 597 395 quod
607 339 757 386 viderentur
765 335 891 396 quaedam

85 404 217 450 interdum
235 417 297 451 vera
318 403 421 451 effutire
444 407 488 451 aut
507 418 638 464 apargere.
680 407 721 453 33.
743 406 804 452 Nun
822 404 890 451 enim
910 443 911 446 ,

87 471 287 531 comprehensa,
303 471 400 531 inquit,
416 479 498 530 neque
511 472 616 519 delinita
624 487 707 531 neque
716 474 839 531 percepta
850 470 889 517 di·
961 481 963 484 ’

86 541 164 597 eunt3
185 539 231 584 aed
239 539 340 584 lubrica
356 542 431 595 atque
445 539 593 598 ambagiosa
603 537 793 587 coniectatione
802 538 889 584 niten-

39 612 43 620 '
86 609 136 662 tea,
144 605 213 653 inter
223 606 289 671 falae
299 610 374 663 utque
384 619 446 653 vera
456 606 622 666 pedetentim,
629 606 703 666 quari
712 619 760 665 per
767 607 887 652 tenebrae

17 705 22 712 .
86 672 276 732 ingredientes,
292 675 366 720 eunt:
384 675 411 719 et
421 678 466 719 aut
474 674 556 720 multa
565 675 701 736 tentando,
718 673 837 719 incidunt
845 684 889 718 re·

86 743 165 798 pente
179 740 353 799 imprudenter
368 739 396 786 iu
410 741 548 787 veritatem
554 751 565 799 3'
582 744 628 787 aut
641 742 771 801 ipaurum,
787 739 831 798 qni
842 751 887 785 eea

87 807 236 864 conaulunt,
242 807 323 853 multa
334 806 487 854 credulitate
498 807 616 867 ducente,
626 809 782 867 perveniunt
791 805 886 853 callide

85 873 170 930 adea,
182 888 247 933 quae
258 878 402 920 vetarunt:
420 878 447 921 et
461 874 559 921 idcirco
569 876 691 922 videntur
701 875 728 921 in
739 873 886 934 praeteritis

84 943 163 988 rebua
173 953 247 999 quam
258 937 313 1004 [inp
322 941 416 988 futur-ia
425 941 563 987 veritatem
576 943 684 988 facilium
693 942 798 988 imitari.
835 942 887 986 lata

82 1010 170 1054 tamen
188 1009 287 1068 omnia,
307 1015 372 1065 quae
387 1012 432 1054 aut
445 1012 542 1055 temere
557 1012 602 1055 aut
615 1013 699 1056 astute
713 1021 775 1055 vera
789 1007 887 1065 dicunt,

85 1083 149 1134 prae
164 1075 271 1133 ceteris,
293 1075 388 1136 inquit,
408 1089 473 1134 quae
487 1075 660 1136 mentiuntur,
680 1088 740 1136 para
757 1087 850 1122 canon
860 1074 888 1120 tt

81 1142 233 1189 millesima.
268 1144 308 1188 34.
326 1144 504 1199 Haerentem,
519 1155 585 1200 quae
595 1144 721 1190 dicentem
729 1141 888 1189 Favorinum

84 1208 243 1268 audivimua‚
252 1210 335 1256 multa
343 1211 420 1256 etiam
429 1210 535 1256 memini
543 1205 802 1268 paetanamueterum
812 1207 887 1253 teati-

84 1276 175 1323 monia
189 1278 351 1334 confirmare,
375 1277 465 1335 quibua
480 1277 659 1323 huiuscemodi
672 1279 792 1335 ambages
811 1276 888 1321 lalla-

43 1390 45 1394 .
83 1343 174 1390 elosae
196 1345 375 1403 confutantum
396 1353 429 1391 ei
450 1344 543 1401 quibua
560 1348 601 1392 eat
616 1344 790 1392 Pacuvianum
808 1342 887 1388 illud:

56 1422 64 1438 “
121 1428 188 1475 Nam
197 1429 223 1478 ai
231 1429 283 1492 qui,
294 1443 360 1489 quae
370 1436 495 1477 euentura
505 1435 573 1490 aunt,
587 1431 763 1489 praevideant
768 1441 781 1488 ,⁰
798 1427 887 1488 ceput-

494 1502 594 1557 parent
605 1496 667 1544 lovi.

84 1582 151 1628 ltem
161 1580 295 1628 Attianum
303 1579 383 1627 illud:

119 1663 201 1723 Nihil,
215 1664 309 1725 inquit,
323 1664 400 1712 erede
411 1665 568 1725 auguribus
578 1666 624 1724 qui
632 1678 711 1713 aurea
720 1663 806 1710 verbis
819 1661 885 1709 divi-

120 1796 237 1858 Air'eaaa,
246 1813 309 1847 aava
318 1805 350 1848 ut
357 1813 425 1846 aare
436 1738 593 1858 memmae
603 1799 698 1846 mmor.

84 1879 129 1929 at.
147 1883 211 1928 ltem
224 1882 380 1943 Favorinus,
400 1881 530 1928 deterrere
540 1883 632 1928 velena
642 1895 672 1928 ac
682 1881 812 1939 depellere
822 1879 885 1925 adn·
913 1885 919 1897 ·

82 1949 215 1997 leacentea
224 1949 414 2009 agenetlrliatia
423 1949 480 1995 irtiu
490 1950 518 1996 et
526 1948 679 2007 quibuadam
686 1948 746 1995 aliia
757 1948 784 1993 ld
793 1958 886 2006 genua,

85 2015 132 2074 qui
146 2016 308 2078 prodigioaie
318 2016 415 2063 artibnt
430 2018 517 2063 lutura
530 2015 617 2063 omnia
629 2016 745 2062 dicturae
760 2027 788 2060 ae
807 2012 886 2070 polli-

85 2085 191 2140 centur,
208 2083 284 2130 nunc
297 2087 372 2143 pacm
388 2084 518 2130 adeundoa
533 2095 590 2130 erae
605 2081 827 2138 conaulendoaque
837 2080 885 2125 bu-

82 2149 226 2198 iuacemndi
238 2150 397 2211 argumentis
407 2150 588 2198 concludebat:
607 2152 648 2196 36.
657 2152 709 2196 Aut
718 2148 833 2206 adverae,
844 2146 885 2192 in·

84 2216 149 2279 quit,
165 2220 289 2265 eventura
299 2217 400 2278 dicunt,
415 2219 603 2276 autproapera.
640 2216 883 2273 Sidienntproape-

82 2298 116 2334 ra
125 2287 151 2332 et
160 2285 265 2345 fallunt,
278 2285 359 2332 mirer
367 2286 412 2332 fiea
421 2286 518 2331 trustra
528 2282 710 2343 exapect'andu.
738 2281 767 2329 Si
777 2282 884 2327 adversa

85 2353 175 2400 dicunt
185 2355 213 2399 et
220 2353 388 2414 mentiuntur,
393 2351 471 2398 mirer
480 2352 526 2397 liea
536 2353 633 2398 frustra
641 2348 763 2396 timendo.
782 2350 829 2395 Sin
839 2361 883 2394 ve·

83 2433 115 2468 ra
130 2421 300 2480 reapondent,
320 2429 400 2477 eaque
415 2420 475 2466 runt
487 2431 540 2465 non
555 2428 692 2478 praepete,
711 2416 766 2462 iam·
776 2416 836 2462 inde
850 2426 885 2463 ur

84 2486 266 2534 animumiaer
275 2487 333 2548 ier,
353 2490 488 2546 antequam
502 2499 516 2532 e
528 2487 582 2532 sato
596 2486 650 2532 ilar.
686 2484 715 2530 Si
726 2483 885 2542 ieticlmprc-

82 2554 205 2610 mittunt,
225 2553 305 2613 daque
320 2558 444 2602 eventura
457 2555 526 2615 aunt,
546 2556 600 2599 tum
613 2554 688 2612 plane
698 2551 748 2598 duc
759 2551 885 2597 arundin-

86 2622 232 2668 comnmdat
260 2624 287 2668 et
300 2622 462 2683 exspectatio
476 2624 502 2668 te
518 2621 574 2680 apei
589 2629 741 2680 auapenautn
755 2618 884 2676 fatigabit,

86 2692 113 2736 et
124 2689 246 2735 -futurum
264 2691 353 2748 gaudii
370 2692 481 2738 fructum
499 2697 560 2749 apua
575 2688 623 2737 tibi
640 2689 691 2735 iam
709 2684 884 2747 praeturabit.

123 2756 280 2802 Gratius.
651 2756 676 2803 Χ
