2067 3034
302 132 383 181 mr.
401 130 461 182 un
492 134 582 182 cnr.
601 100 625 180 u.
644 133 670 180 o.
854 123 895 181 aa

84 256 198 306 Claudio
212 254 317 313 Asello,
338 251 443 299 tribuno
458 250 559 311 plebei,
578 249 617 297 cui
635 262 724 307 equuus
742 249 771 297 in
782 263 891 297 censura

82 326 230 374 ademerat:
250 334 373 377 eumque,
392 324 530 365 comesset
547 332 620 368 reus.
639 330 722 372 neque
732 318 835 362 barbam
845 318 890 364 dc-

83 395 151 440 sisse
161 390 230 446 rudi,
240 402 321 446 neque
330 399 383 433 non
394 384 502 432 candida
513 388 584 430 reste
596 383 732 444 uti‚ueque
742 383 824 429 luisse
835 384 891 430 cul-

82 465 111 508 tu
121 459 205 504 solito
215 469 327 503 reorum.
355 456 378 498 2.
394 453 453 509 Sed,
469 465 526 499 curn
537 451 562 497 in
573 465 604 497 eo
615 454 730 507 tempore
740 450 889 508 Scipionem

81 526 213 574 minorem
227 519 397 581 quadraginta
415 532 541 566 annorum
559 518 640 564 tuisse
655 519 799 573 constaret,
818 518 888 574 qood

81 594 113 639 de
128 594 211 639 barba
224 603 283 636 rasa
295 588 333 633 its
348 586 471 645 scriptum
486 589 556 632 esset
569 584 732 632 mirabamur.
745 609 748 613 ψ
769 586 793 629 3.
814 586 888 629 corn.

30 716 33 723 Ι
82 660 200 719 perimus
214 660 298 703 autem
309 657 410 700 ceteros
419 666 522 710 quoque
532 652 559 697 in
569 651 659 697 iisdem
671 650 828 709 temporibus
838 665 888 697 no-

83 727 152 774 biles
162 725 234 770 viros
244 724 348 769 barbam
357 721 385 766 iu
395 719 522 767 eiusmodi
532 722 615 766 aetate
625 718 787 764 rasituuisse:
807 718 888 764 ideir-

84 807 166 850 coque
177 792 313 850 plerasque
320 788 448 847 imagines
460 789 574 832 veterum
584 798 637 831 nou
645 785 781 831 admodum
788 798 889 841 senum,

83 859 168 907 sedin
178 857 264 904 medio
274 855 370 902 aetatis
378 855 415 901 ita
425 856 506 900 luctas
516 852 640 900 videmus

360 997 546 1052 c'll‘n'r
582 998 617 1051 V.
684 1058 686 1061 ,

90 1086 96 1092 ’
112 1085 263 1133 Deliciarum
275 1082 358 1129 vitium
373 1091 396 1127 et
408 1083 515 1127 mollities
530 1084 648 1125 emiorum
661 1087 684 1125 et
693 1080 797 1138 corporis
806 1081 835 1124 ub
845 1081 889 1125 Ar·

93 1160 97 1165 ¹
139 1141 232 1243 55:5¹1ss
233 1228 239 1239 Ι
241 1141 384 1198 philosopho
393 1141 483 1183 aeidum
493 1139 639 1194 approbata
649 1139 728 1182 acerbe
741 1138 838 1182 simulet
846 1137 889 1194 fs·

120 1275 149 1321 1:
164 1272 320 1321 Plutarchus
335 1273 430 1326 refert,
450 1250 614 1318 Arcesilaum
622 1269 803 1330 philosophum
813 1269 892 1318 'vebs-

85 1341 168 1389 menti
178 1343 259 1387 verbo
270 1353 346 1386 usum
359 1352 415 1385 esse
429 1338 460 1384 dc
471 1339 581 1396 quodam
589 1338 666 1384 nimis
678 1338 789 1384 delicato
800 1338 891 1397 divite,

86 1409 130 1468 qui
144 1409 313 1466 incorruptus
326 1411 412 1452 tumen
422 1409 448 1451 et
460 1408 546 1451 castus
557 1408 583 1451 et
593 1405 740 1464 perinteger
750 1404 890 1451 dicebatur.

12 1506 13 1527 3
88 1478 115 1523 2:
130 1477 199 1523 Nam
219 1488 276 1521 cum
295 1486 385 1520 vocem
403 1473 460 1519 eius
479 1472 630 1527 infractam,
649 1471 822 1529 capillumque
836 1475 892 1518 arte

87 1541 276 1601 compositum,
295 1545 321 1587 et
335 1543 426 1607 oculos
439 1542 597 1590 ludibundos
607 1546 683 1602 atque
695 1544 835 1592 illecebrae
845 1558 892 1592 ro-

87 1609 249 1669 luptstisquc
260 1609 354 1667 plenos
369 1610 479 1658 viderat:
499 1609 572 1656 Nibil
587 1611 708 1668 interest,
723 1612 821 1669 inquit,
835 1614 893 1671 qui·

89 1678 136 1724 bus
146 1677 269 1724 membris
281 1676 381 1723 cinaedi
391 1676 456 1736 sitis,
466 1679 657 1736 posterioribus
666 1692 698 1725 au
708 1678 848 1738 prioribus.

351 1843 538 1895 CAPUT
572 1844 626 1896 Vl.

114 1928 152 1973 Dc
160 1927 188 1971 υἱ
194 1933 265 1986 utque
272 1933 358 1971 nutura
364 1929 461 1982 polmus
468 1926 570 1979 arboris,
590 1932 652 1985 quod
662 1926 749 1984 ligamus
759 1941 788 1972 eu
796 1942 825 1972 eu
832 1941 892 1986 poa·

143 1985 235 2028 derium
243 1982 358 2040 impositis
368 1983 492 2026 renitatur.

113 2062 147 2107 Δ1.
165 2061 217 2107 Per
236 2060 323 2106 hercle
338 2073 392 2107 rem
408 2060 550 2106 mirandam
564 2059 721 2107 Aristoteles
737 2059 765 2105 in
783 2059 892 2118 septimo
908 2072 909 2079 ¹

87 2129 282 2175 Problemutum
300 2129 326 2173 et
340 2126 493 2173 Plutarchus
511 2127 549 2172 in,
559 2129 651 2174 octavo
667 2127 893 2186 Symposiacorum

88 2196 160 2245 dicit.
190 2196 214 2239 2.
229 2194 256 2240 Si
267 2206 344 2252 super
353 2193 462 2252 palmae,
476 2193 569 2250 inquit,
583 2195 683 2240 arboris
693 2194 791 2254 lignum
802 2208 894 2253 magna

87 2264 205 2323 pondera
222 2260 352 2320 imponas,
367 2273 397 2305 ac
411 2262 462 2305 tans
472 2260 588 2319 graviter
597 2275 689 2320 urgeas
699 2275 853 2319 uberesque,
865 2266 894 2307 ut

86 2329 239 2390 magnitudo
250 2326 340 2374 oneris
348 2327 472 2373 sustineri
481 2340 534 2372 nou
545 2332 630 2385 queat,
643 2341 696 2375 nou
706 2328 826 2375 deorsum
835 2329 893 2387 palss

86 2412 128 2444 uss
139 2395 218 2453 cedit,
230 2409 279 2442 uec
288 2395 358 2441 intra
367 2393 488 2449 flectitur,
502 2395 548 2440 sed
560 2393 683 2442 adversus
694 2396 797 2453 pondus
805 2409 893 2442 resur-

89 2465 135 2523 git,
146 2467 175 2510 et
184 2474 288 2509 sursum
297 2461 391 2507 nititur
399 2462 611 2518 recurvaturque.
647 2466 670 2509 3.
689 2464 837 2522 Propterea,
853 2462 894 2507 in·

89 2532 144 2588 quit
157 2528 331 2583 Plutarchus,
349 2527 377 2573 in
397 2528 580 2574 certaminibus
593 2529 704 2587 palmam
719 2529 820 2587 signum
835 2541 894 2574 essa

89 2597 189 2657 placuit
199 2595 341 2652 victoriae,
357 2595 479 2652 quoniam
488 2595 622 2655 ingenium
632 2596 698 2654 ligni
709 2595 837 2645 eiusmodi
846 2599 894 2653 est,

90 2669 119 2711 ut
128 2663 283 2725 urgentibus
288 2661 547 2722 »opprimentibusque
556 2677 610 2711 uun
620 2665 703 2709 cedat.
