2067 3034
153 199 205 253 1³8
370 161 373 178 ’
406 169 514 248 suus
550 199 710 250 cunum

152 319 223 368 illud
233 333 315 379 suum,
326 318 392 365 vidit
400 332 441 365 me
451 318 544 377 procul
555 317 758 378 delitescentem,
771 317 842 365 mitis
851 321 878 367 et
887 325 959 369 man-

152 392 241 435 suetus
257 388 381 434 occessit:
406 400 436 432 ac
452 386 583 432 sublatum
598 386 688 445 pedem
702 387 839 433 ostendere
853 388 916 439 mihi
930 404 960 436 ac

152 455 297 515 porrigere,
307 454 379 512 quasi
392 453 449 512 opis
460 454 584 511 petendae
595 453 687 515 gratia,
699 453 770 500 visus
781 456 829 499 est.
856 457 897 501 22.
912 456 959 514 lbi,

153 523 245 580 inquit,
256 535 304 581 ego
315 521 421 579 stirpem
431 520 569 580 ingentem,
576 521 686 579 vestigio
697 520 772 580 pedis
783 520 840 567 eius
849 520 959 570 haeren-

153 593 216 648 tem,
231 587 340 635 revelli:
359 591 561 646 conceptamque
577 588 674 634 saniem
688 588 799 635 vulnere
809 588 901 637 intimo
912 604 959 638 cr·

152 656 248 717 pressi:
266 655 472 714 accuratiusque,
484 655 541 702 sine
552 669 645 714 magna
655 655 706 701 iam
716 656 863 717 formidine,
878 656 959 705 sicca-

153 725 179 770 vi
190 723 293 782 penitus
303 726 380 781 atque
391 722 487 770 detersi
499 736 627 770 cruorem.
645 724 687 769 23.
698 723 748 768 llle
758 726 819 770 tunc
828 737 886 771 mea
896 739 960 784 ope·

151 805 182 838 rs
192 795 217 838 et
229 789 328 837 medela
339 792 450 849 levatus,
460 791 526 850 pede
537 791 564 836 in
574 790 691 836 manibus
701 790 765 837 meis
775 791 871 852 posito,
885 806 960 840 recn-

150 859 208 905 buit
219 857 361 916 etquievit.
397 862 438 905 24.
458 855 552 916 Atque,
564 872 598 905 ex
609 872 640 905 eo
652 857 708 918 die,
724 858 864 905 triennium
875 863 958 907 totum

151 940 199 985 ego
220 930 246 973 et
264 926 306 972 leo
326 925 353 972 in
375 927 465 972 eadem
483 938 560 984 specu
585 925 724 983 eodemque
741 925 812 971 rictu
830 927 955 974 viximus.

148 996 191 1041 25.
204 994 346 1052 Nonr,quas
356 995 500 1040 venabatur
510 995 587 1052 feras,
594 995 707 1040 membra
717 992 845 1051 opimiora
855 995 886 1040 ad
898 1009 957 1053 spe·

149 1075 206 1108 cum
222 1061 286 1107 mihi
302 1062 468 1120 suggerebot5
488 1074 553 1119 quae
569 1074 631 1119 ego,
650 1060 719 1119 ignis
732 1060 833 1119 copiam
847 1076 900 1108 uon
910 1063 959 1109 ha·

147 1128 221 1188 ireos,
233 1129 289 1175 sole
300 1128 446 1174 meridiano
457 1130 560 1174 torrens
573 1129 686 1174 edebam,
721 1129 762 1174 26.
782 1128 833 1175 Sed
849 1130 892 1176 ubi
907 1144 957 1190 me,

149 1196 246 1256 inquit,
265 1196 335 1241 ritae
347 1195 420 1241 illius
432 1194 531 1241 ferinae
546 1194 595 1240 iam
611 1199 758 1254 pertaesum
768 1198 820 1256 est,
839 1196 918 1243 leone
928 1198 958 1245 in

145 1266 268 1310 vertutum
280 1264 406 1322 prolecto,
417 1262 510 1319 reliqui
524 1275 639 1321 specum:
659 1266 693 1320 et,
705 1262 774 1308 riam
786 1266 865 1311 ferme
875 1265 958 1312 tridui

148 1344 309 1391 permensus,
324 1329 475 1376 amilitibus
486 1329 558 1376 visus
570 1330 793 1389 apprehensusque
804 1344 868 1390 sum,
884 1336 910 1379 et
924 1332 958 1378 ad

150 1398 281 1444 dominum
292 1410 325 1444 ex
336 1397 426 1443 Africa
436 1398 541 1443 Romam
551 1398 683 1444 deductus.
718 1399 760 1444 27.
779 1401 804 1444 ls
818 1412 858 1446 me
869 1400 956 1446 statim

146 1465 189 1512 rei
202 1466 322 1524 capitalis
333 1465 512 1526 damnandum,
525 1466 685 1523 dandumque
696 1465 729 1511 ad
739 1467 836 1515 bestias
847 1467 957 1515 curarit.

111 1525 118 1533 ⁶
146 1533 192 1580 28.
211 1533 333 1592 lntelligo
349 1535 448 1594 autem,
468 1532 565 1594 iuquit,
586 1534 768 1592 huncquoque
784 1535 896 1593 leonem,
915 1549 959 1582 me

148 1597 213 1658 'tunc
224 1604 358 1659 separato,
374 1605 476 1659 captum
486 1601 596 1660 gratiam
606 1601 670 1647 mihi
680 1614 749 1647 nunc
761 1602 959 1661 [ctiam1bene-

148 1669 201 1717 iicii
212 1671 237 1714 et
246 1668 388 1716 medicinae
399 1669 506 1716 reterre.
543 1670 584 1714 29.
600 1669 672 1715 llaec
687 1668 773 1726 Apion
788 1669 887 1717 dixisse
902 1671 958 1718 Au-

150 1737 268 1783 druclum
282 1736 375 1793 tradit,
395 1749 475 1794 eaque
492 1735 579 1783 omnia
590 1737 685 1795 scripta
699 1736 901 1795 circumlataque
916 1742 959 1785 ta·

148 1804 220 1852 bella
235 1806 333 1863 populo
350 1804 476 1850 declarat:
499 1807 575 1862 etque
590 1803 663 1864 ideo,
682 1804 781 1852 cunctis
800 1805 958 1868 petentibus,

149 1871 282 1917 dimissum
299 1871 459 1918 Androclum
478 1873 504 1918 et
518 1885 602 1930 poena
616 1871 741 1931 solutum,
762 1872 916 1931 leonemque
931 1874 959 1921 ei

148 1939 280 1998 suffragiis
291 1938 382 1999 populi
394 1939 525 1985 donatum.
562 1940 602 1985 30.
621 1939 725 1995 Postea,
740 1938 833 1999 inquit,
849 1940 959 1989 rideba-

148 2017 205 2053 mus
215 2007 375 2053 Androclum
385 2011 411 2052 et
420 2007 538 2065 leonem,
558 2006 618 2052 loro
633 2006 705 2052 tenui
715 2003 873 2064 revinctum,
891 2011 959 2057 urbe

149 2073 204 2122 tota
214 2074 309 2121 circum
320 2077 441 2121 tabernas
453 2073 505 2121 ire:
521 2073 613 2121 donari
623 2087 683 2120 aere
693 2073 865 2134 Androclum3
883 2076 959 2123 flori-

148 2144 196 2189 bus
210 2142 297 2201 spargi
312 2142 430 2200 leonem3
450 2155 540 2188 omnes
557 2136 634 2205 [tere]
646 2142 740 2200 ubique
752 2143 843 2191 obrius
855 2144 959 2193 dicere:

148 2210 201 2256 Hic
218 2216 257 2257 cst
272 2210 311 2256 leo
324 2209 419 2272 hospes
428 2210 547 2278 lerninis,
557 2210 600 2257 ln'c
610 2217 648 2256 ert
658 2209 732 2256 homo
742 2213 854 2261 medicus
865 2212 959 2262 leonis.

404 2329 594 2383 CAPUT
629 2329 695 2384 XV.

176 2413 336 2514 ῧθψῖῐηῖρῑί
352 2427 410 2467 coc,
430 2428 462 2458 aa
476 2410 601 2462 inunctor,
617 2416 697 2460 uarias
711 2416 959 2475 arcplilowplromm

202 2484 239 2513 ml
252 2485 280 2513 m
292 2486 333 2514 tm.

183 2546 207 2592 1.
226 2545 308 2592 Vetus
322 2549 398 2610 atque
413 2548 540 2607 perpetua
555 2548 674 2607 quaestio
689 2549 759 2598 inter
775 2551 959 2601 nobilissimos

147 2613 362 2674 philosophorum
377 2614 481 2672 agitato·
491 2619 545 2670 est,
565 2630 693 2675 corpusne
709 2618 744 2664 sit
754 2632 812 2666 uox
823 2634 856 2666 an
866 2621 958 2669 incor-

146 2694 263 2740 poreum.
287 2684 310 2726 2.
324 2683 379 2727 lloc
389 2681 458 2727 enim
470 2684 626 2730 vocabulum
640 2684 742 2744 quidam
755 2687 884 2734 Auxerunt
894 2702 958 2746 pro.

146 2746 208 2795 inde
219 2746 288 2806 quod
305 2750 403 2797 Graece
417 2747 511 2796 dicitur
526 2743 675 2814 ἀσώματον.
710 2754 736 2802 3.
754 2755 854 2815 Corpus
867 2759 958 2808 auteur
