2067 3034
162 124 195 176 12
412 124 523 174 nunt
555 123 718 172 *cunuti

161 270 218 308 mae
229 258 323 309 literae
333 256 443 308 dixisse.
479 258 502 305 3.
522 256 566 305 Sic
576 256 720 305 lachrimas
727 290 735 320 ,
749 254 787 303 sic
796 256 973 318 sepulchrum,

161 328 200 375 sic
209 327 329 388 ausuum,
343 327 381 375 sic
390 327 534 388 seleucus,
549 323 587 371 sic
596 326 730 384 s’uctoars,
745 323 783 372 sic
792 326 920 387 helluari,
936 327 975 374 sic

163 395 328 459 lalucs'uurs‘,
348 394 508 455 siclsoucru,
528 395 567 439 sic
582 392 718 441 honustum
733 391 864 440 dixerunt.
899 397 923 440 4.
943 394 974 441 ln

160 463 202 509 his
213 463 280 510 enim
294 460 380 510 verbis
392 460 510 508 omnibus
524 459 618 506 literae
629 473 675 506 seu
685 459 792 519 spiritus
807 460 884 507 istius
897 463 974 510 nulla

161 530 231 577 ratio
247 530 368 589 cissent,
385 528 438 576 nisi
447 530 477 575 nt
486 527 593 574 drmitas
603 529 630 574 et
640 527 716 587 vigor
725 527 810 587 vocis,
825 528 899 587 quasi
914 529 973 586 qui-

161 599 269 644 busdam
287 596 375 643 nervis
390 594 498 657 additis,
517 595 705 642 intenderetur.
740 598 763 641 b.
783 596 835 641 Sed
850 597 975 655 quoniam

162 662 241 711 alicus·
249 677 352 722 quoqne
363 664 485 722 exemplo
495 661 538 709 usi
549 674 649 722 snmus,
663 662 737 708 venit
746 663 821 710 nobis
832 663 860 710 in
872 677 975 710 memo-

162 731 242 792 riam,
257 731 351 777 Fidum
362 733 493 791 optatum,
507 730 708 777 multinominis
718 730 814 777 Romae
826 731 975 791 grammati-

162 813 228 858 cum,
239 799 384 845 ostendisse
393 798 564 845 mihilibrnm
573 798 703 845 Aeneidos
714 799 865 859 secundum,
875 799 975 846 miran-

162 867 210 913 dae
224 866 376 926 vetustatis,
389 869 501 925 emptum
515 866 543 912 in
555 865 698 924 Sigillariis
708 863 765 910 XX.
781 868 879 924 aureis,
898 879 975 924 quem

161 934 243 993 ipsius
254 933 360 993 Virgilii
371 934 452 981 tuisse
470 928 660 997 credebatlurJ:
677 932 708 979 in
723 945 774 990 qno
790 935 840 981 duo
854 933 901 981 isti
914 947 975 982 rer·

162 1014 206 1048 sus
217 1015 275 1048 cnm
284 1002 321 1048 ita
331 1002 423 1061 scripti
434 1003 534 1049 forent:

199 1070 357 1117 Vestibulum
367 1077 428 1117 autc
438 1070 523 1130 tusum
528 1069 666 1129 primoque
676 1070 702 1115 s‘u
713 1069 800 1115 limiae
808 1062 930 1130 Pyrrhus

196 1136 329 1186 Exsultat
338 1139 396 1185 tells
407 1145 432 1184 ct
441 1139 499 1185 luce
511 1150 635 1184 coruscus
645 1138 723 1197 asina,

164 1204 277 1251 additam
286 1218 365 1263 supra
374 1205 485 1252 vidimus
495 1204 512 1250 lc
523 1204 634 1267 literam,
641 1207 667 1251 et
677 1204 765 1252 alena
777 1204 881 1251 factum.
900 1208 923 1251 6.
931 1198 976 1254 Sic

160 1272 191 1318 vin
207 1272 256 1319 illo
272 1286 372 1331 qnoque
387 1272 494 1333 Virgilii
508 1286 586 1320 versu
598 1272 627 1319 iu
642 1272 747 1332 optimis
760 1271 836 1331 libris
850 1271 977 1333 scriptum

159 1340 322 1387 invenimus:

195 1405 249 1455 Aut
250 1407 332 1473 foliis
341 1409 437 1456 undans
448 1409 533 1470 tepidi
540 1409 679 1470 despuuust
688 1408 783 1457 πωνή.

427 1530 619 1584 CAPUT
653 1530 708 1584 IV.

190 1616 268 1668 mam
281 1615 312 1662 od
323 1630 416 1663 casuum
429 1615 515 1659 Gabinus
525 1614 613 1660 Bassus
622 1628 692 1671 genus
703 1618 819 1672 quoddam
828 1613 909 1659 ululat
918 1615 977 1660 utut·

219 1673 338 1720 uots‘ouem
348 1671 467 1731 appellari
475 1670 580 1729 scripsit,
593 1677 617 1717 st
625 1686 694 1730 qucum
703 1671 748 1715 alis'
757 1685 849 1716 cuasam
859 1686 906 1716 esse
915 1673 976 1717 es‘sss-

220 1734 272 1775 dsm
280 1731 391 1776 vocabuli
401 1730 515 1773 diamant.

197 1808 222 1854 1.
246 1808 310 1855 cnm
327 1808 358 1855 de
378 1806 561 1856 constituendo
577 1806 728 1852 accusatore
740 1804 885 1863 quaeritur,
906 1803 976 1851 indi-

162 1874 281 1935 ciumque
300 1889 429 1936 superea
446 1889 475 1922 re
489 1873 619 1931 redditur,
639 1874 741 1920 cuinam
758 1873 922 1931 potissimum
940 1868 995 1920 ex'

162 1944 262 1990 duobus
275 1944 427 2003 pluribusve
442 1942 575 1989 accusatio
590 1941 778 1999 subscriptiove
792 1940 819 1986 in
833 1954 906 1986 reum
915 1954 977 1999 per-

161 2010 295 2070 mittatnr;
315 2025 347 2058 ea
359 2024 401 2059 res
416 2013 492 2069 atque
506 2010 622 2056 indicum
637 2007 752 2068 cognitio
762 2009 985 2066 ds'cs'rsats'aappel-

160 2077 242 2124 latur.
277 2083 303 2125 2.
322 2080 352 2126 ld
367 2079 523 2126 vocabulum
533 2091 609 2138 qnam
619 2079 651 2124 ob
663 2090 766 2123 cansam
775 2076 813 2123 ita
823 2077 919 2123 tactum
929 2075 975 2136 sit,

162 2144 254 2202 quaeri
264 2146 341 2195 solet.
376 2149 400 2196 3.
420 2147 518 2194 Gabius
529 2146 623 2192 Bassus
633 2145 661 2190 in
670 2144 750 2191 tertio
761 2145 896 2203 librorum,
907 2156 974 2202 quos
1025 2173 1026 2204 ;

163 2211 194 2258 de
205 2212 313 2271 Origine
322 2215 517 2262 Vocabulorum
531 2211 688 2271 composuit:
712 2212 866 2266 mutuatio,
879 2210 975 2272 inquit,
1025 2207 1026 2268 ξ

161 2278 286 2327 laurarum
295 2283 458 2343 appellatur,
473 2283 597 2343 quonlam
607 2278 920 2341 atanare'quodamuoda
932 2281 975 2325 s'u-
1025 2335 1026 2338 Ἴ

162 2346 215 2394 deu
224 2356 355 2410 oporteat,
366 2364 442 2411 quam
452 2352 607 2398 seutentiam
617 2347 756 2410 sereserrc
763 2360 819 2408 par
829 2350 871 2394 ss't.
890 2349 915 2392 4.
926 2345 974 2392 Ni·

160 2413 211 2461 mis
227 2415 331 2473 quidem
346 2419 429 2465 estin
447 2418 534 2464 verbis
551 2416 626 2462 Gabii
639 2416 713 2462 Bassi
726 2415 796 2461 ratio
811 2414 974 2476 imperfecta,

161 2480 206 2527 rel
220 2483 302 2541 magis
317 2485 393 2543 inops
408 2486 544 2542 etieiuna3
573 2487 596 2528 5.
613 2484 659 2529 sed
669 2482 782 2539 videtur,
802 2494 859 2527 eum
874 2480 976 2540 signiti-

163 2559 223 2594 csrc
232 2550 314 2609 velle,
331 2552 428 2600 idcirco
440 2553 492 2599 dici
504 2551 703 2609 divinationem,
724 2549 792 2607 qnod
805 2549 832 2595 in
844 2547 906 2594 aliis
916 2547 978 2606 qui·

161 2613 219 2662 dem
229 2619 313 2667 causis
324 2620 405 2667 iudex
415 2634 459 2682 ea,
480 2633 545 2678 qnae
561 2618 664 2676 didicit,
683 2630 798 2675 quaeque
813 2615 977 2674 argumentis

160 2682 206 2730 rel
215 2685 325 2736 testibus
336 2688 512 2736 demonstrata
522 2688 594 2747 sunt,
609 2685 682 2744 sequi
690 2685 770 2731 solet:
787 2684 815 2729 in
828 2683 877 2730 huc
887 2686 977 2730 autem
