2067 3034
138 144 191 199 388
390 146 498 191 Attal
533 145 710 193 GEiiall‘

138 261 257 324 patiendi
276 260 454 310 'declinatione
474 262 522 310 sit:
549 263 603 308 tum
622 263 672 309 hoc
690 263 771 310 verbo
790 276 843 310 nou
863 265 962 311 miuus

137 331 308 392 praeteritum
319 335 418 389 tempus
429 329 581 393 ostenditur,
592 344 667 387 quam
679 331 802 376 futurum.

386 448 570 502 CAPUT
606 448 697 501 Vlii.

166 518 196 563 In
209 517 347 562 sermonibus
360 520 424 571 opud
431 530 532 561 meseum
545 515 619 558 Tauri
628 516 769 572 philosophi
777 519 860 585 quaeri
867 521 962 574 agito·

196 576 259 632 rique
268 572 378 616 eiusmodi
388 573 470 616 solito:
490 586 530 615 car
539 575 658 615 olmmeue
677 572 817 630 eetfiaezle,
838 576 901 618 vina
916 591 959 618 ru-

196 632 245 675 sius
263 630 439 683 congelascunt,
460 635 550 671 ‘tecnon
567 628 631 671 baud
661 643 697 671 ere
713 642 827 686 amquam
848 637 871 674 et
883 633 962 689 ‘quem

136 698 142 703 ·
196 700 269 743 oquae
274 684 557 742 fluuioruncsuntiumque
570 687 689 736 durentur,
708 699 772 728 snare
786 688 842 742 gelu
849 699 902 729 non
914 691 957 731 ‹m-

194 747 264 784 reno.
591 759 593 762 ·

176 816 201 861 1.
219 813 375 872 Pilosophus
390 813 492 859 Taurus
508 813 652 871 accipiebat
667 826 716 859 nos
734 811 845 860 Athenis
866 828 958 862 coeno

140 882 295 943 plerumque
306 881 337 927 ad
348 880 375 926 id
386 879 447 943 diei,
460 880 504 928 ubi
515 880 566 926 iam
577 884 770 938 vesperarerat.
797 884 822 926 2.
838 880 868 925 Id
879 882 955 929 enim

137 953 181 995 est
204 950 306 1007 tempus
331 946 409 994 isthic
434 946 562 994 coenandi
584 948 714 1004 frequens.
763 947 829 993 Eius
850 961 953 997 coenae

137 1015 234 1062 fundus
250 1017 276 1062 et
290 1017 475 1061 firmamentum
486 1028 562 1060 omne
573 1017 628 1060 eret
638 1013 665 1059 in
676 1014 731 1060 olla
741 1028 793 1059 una
803 1014 884 1060 lentis
895 1018 952 1063 Ae.

138 1083 253 1142 gyptiae,
264 1084 291 1129 et
301 1082 447 1128 cucurbitae
457 1081 522 1127 inibi
532 1081 648 1128 minutim
661 1094 762 1127 caesae.
790 1084 814 1127 3.
830 1081 869 1126 Ea
881 1098 951 1139 quo.

139 1150 199 1196 dam
213 1150 255 1195 die
269 1150 313 1196 ubi
324 1149 421 1207 paratis
433 1153 459 1195 et
469 1148 680 1207 exspectantibus
690 1148 767 1194 nobis
777 1149 858 1195 allata
869 1153 951 1208 atque

137 1214 261 1276 imposita
274 1227 378 1261 mensae
393 1217 440 1271 est,
457 1229 565 1274 puerum
575 1214 646 1262 iubet
656 1216 757 1261 Taurus
770 1216 856 1261 oleum
867 1216 896 1262 in
907 1219 950 1263 oi-

136 1283 191 1330 lam
201 1283 299 1329 indere.
317 1284 341 1327 4.
352 1282 416 1328 Erat
425 1280 448 1328 is
458 1295 523 1340 puer
533 1295 627 1340 genere
636 1282 747 1343 Atticus,
755 1281 786 1328 ad
795 1296 878 1329 annos
890 1297 946 1330 ma·

137 1352 209 1399 xime
226 1352 303 1396 natus
320 1354 389 1404 octo,
406 1348 582 1395 festivissimis
593 1350 688 1395 aetatis
698 1352 724 1395 et
734 1350 820 1408 gentis
830 1351 943 1409 argutiis

139 1421 250 1463 scatens.
287 1420 309 1462 5.
330 1417 434 1462 Guttum
450 1416 565 1463 Samium
579 1419 702 1463 oretenus
716 1417 866 1475 imprudens
885 1418 946 1470 ina-

137 1498 207 1539 nem,
217 1485 338 1541 tanquam
348 1483 372 1527 si
382 1482 479 1529 inesset
490 1484 585 1537 oleum,
596 1484 679 1539 affert,
685 1485 865 1540 convertitque
873 1499 945 1545 eum3

138 1557 180 1609 et,
202 1553 231 1595 ut
244 1550 350 1595 solitum
361 1552 413 1610 est,
433 1549 585 1608 circumegit
594 1563 641 1608 per
651 1564 750 1597 omnem
762 1555 862 1609 partem
873 1552 946 1599 ollae

138 1631 256 1690 mapunn
276 1616 377 1661 nullum
388 1615 447 1662 inde
458 1617 511 1663 ibat
522 1618 619 1663 oleum.
655 1620 678 1662 o.
697 1618 800 1677 Aspicit
809 1632 875 1676 puer
884 1622 945 1678 gut·

139 1690 193 1731 tum
203 1683 334 1729 atrocibus
343 1682 430 1729 oculis
440 1684 681 1744 stomachabundus,
696 1687 722 1731 et
736 1698 888 1731 concussum
899 1701 943 1733 ve·

137 1749 285 1799 hementius
301 1749 395 1795 iterum
408 1750 436 1795 in
452 1751 531 1797 ollam
545 1751 636 1808 vertit3
655 1754 680 1795 t.
692 1752 769 1809 idque
783 1766 841 1798 cum
854 1766 943 1800 omnes

139 1818 234 1867 sensim
243 1819 320 1873 atque
330 1817 485 1863 summissim
494 1817 645 1871 rideremus,
660 1820 713 1864 tum
721 1832 786 1877 puer
797 1821 904 1879 Graece,
918 1825 944 1867 et

136 1887 165 1935 id
175 1886 277 1945 quidem
286 1898 409 1943 perquam
423 1885 522 1931 Attice:
540 1880 592 1943 Μὴ
607 1882 706 1946 γελᾶτε,
721 1885 815 1947 inquit,
831 1883 867 1930 iso
879 1881 943 1933 τοῦ-

136 1951 226 2000 λαιον·
253 1944 314 1996 btt’
328 1945 374 1997 cim
388 1950 456 2011 iore,
476 1948 519 1997 οἵα
529 1950 606 2015 φρίκη
616 1948 674 2013 περὶ
684 1948 729 1997 τὸν
740 1947 843 2016 ὄρθρον
852 1953 942 2014 γέγονε

136 2013 262 2083 τήμερον·
287 2011 516 2080 κεκρυστάλλωται.
552 2021 577 2064 8.
600 2018 730 2081 verbero,
749 2019 835 2079 inquit
851 2020 941 2070 ridens

138 2088 251 2146 Taurus,
261 2099 347 2132 nonne
356 2084 379 2131 is
390 2085 610 2147 curriculo,atque
621 2086 706 2133 oleum
717 2087 802 2145 petis?
821 2088 873 2133 Sed
884 2103 941 2136 cum

136 2168 204 2215 puer
218 2156 289 2200 foras
305 2155 399 2199 emtum
412 2143 490 2207 isset,
509 2153 577 2199 nihil
590 2153 647 2212 ipse
662 2152 713 2200 ista
721 2168 794 2199 mora
804 2154 941 2202 offensior:

139 2223 212 2277 olla,
232 2219 328 2278 inquit,
347 2220 529 2279 oleoindiget5
549 2223 583 2280 et,
604 2220 728 2281 utvideo,
749 2220 940 2271 intolerandum

138 2287 230 2346 iervit3
246 2286 408 2333 cohibeamus
418 2301 521 2335 manus:
540 2290 615 2346 atque
626 2287 734 2349 interea,
745 2288 866 2346 quoniam
875 2303 941 2347 puer

138 2367 207 2401 nunc
223 2353 357 2399 admonuit
369 2353 456 2400 solere
470 2355 557 2401 oleum
572 2356 769 2413 congelascere,
789 2355 939 2405 considere.

139 2419 209 2477 mus,
227 2431 272 2488 cur
282 2407 369 2464 oieum
379 2419 480 2476 quidem
491 2435 569 2479 saepe
578 2425 605 2469 et
616 2421 693 2467 facile
705 2425 768 2481 stet,
779 2422 841 2467 rina
850 2436 940 2468 raren-

139 2489 181 2532 ter
196 2483 392 2541 congelascunt?
427 2490 452 2537 9.
470 2490 555 2547 Atque
571 2488 663 2547 aspicit
675 2503 728 2545 me,
748 2492 774 2535 et
784 2489 862 2550 iubet,
880 2491 941 2545 quid

140 2551 260 2607 sentiam,
272 2549 367 2595 dicere.
404 2553 443 2597 lb.
463 2555 583 2612 Tumego
595 2556 724 2613 respondi,
735 2556 882 2601 coniectare
890 2570 939 2618 me,

139 2618 230 2663 vinum
238 2614 336 2660 idcirco
347 2615 432 2661 minus
443 2619 495 2666 cito
507 2621 663 2678 coalescere,
677 2621 746 2679 quod
756 2622 854 2668 semina
864 2635 939 2679 quae·

141 2683 201 2730 dam
212 2679 326 2729 caldoris
341 2680 369 2727 in
383 2695 440 2729 sese
450 2686 568 2747 haberet,
589 2691 707 2746 essetque
717 2693 808 2736 natura
818 2689 937 2748 ignitius,
