2067 3034
167 41 178 69 9

179 136 216 186 44
432 136 541 184 AUIrl
577 133 736 181 (sumi

181 254 238 314 qui,
255 253 325 314 quod
342 254 458 313 hospites
472 250 586 299 omnium
604 251 719 310 gentium
737 249 872 298 immolare
891 250 990 299 solitus

182 323 241 382 tuit,
252 335 306 369 non
315 322 393 368 laude
402 321 536 400 indignus,
551 319 597 364 sed
607 317 780 364 detestatione
791 318 990 365 exsecratione·

181 403 231 448 que
244 388 325 437 totius
339 388 440 447 generis
453 386 559 432 humani
573 385 665 444 dignus
679 385 755 431 esset.
790 388 815 432 4.
833 386 898 433 Item
913 385 989 432 aliud

182 458 290 503 verbum
300 455 483 512 culpaverunt
676 469 678 472 ’

215 523 269 569 Per
277 523 390 568 testeam
399 522 559 581 squalentem
569 534 636 568 auro
646 521 717 567 latus
725 518 818 566 haurit
826 524 960 579 apertum

181 592 302 646 tanquam
317 583 363 651 [si]
378 601 432 634 non
447 587 600 634 convenerit
613 588 711 633 dicere·
731 601 798 634 auro
814 588 990 647 squalentem:

183 655 305 715 quoniam
320 655 450 701 nitoribus
464 654 695 712 splendoribusque
710 653 768 700 auri
782 653 912 712 squaloris
923 654 991 700 illu-

181 722 237 768 vies
248 722 283 767 sit
298 720 437 767 contraria.
472 725 495 767 5.
515 722 566 767 Sed
577 722 608 767 de
617 724 696 767 verbo
707 735 820 768 vexasse
832 720 869 766 ita
878 733 991 779 respon-

182 787 238 836 deri
248 800 324 847 posse
335 788 424 835 eredo.
447 787 564 836 Vexasss
574 801 652 848 grave
662 790 768 835 verbum
778 790 825 847 est,
841 788 990 845 tactumque

182 858 214 904 ab
233 869 265 902 eo
286 855 400 911 videtur,
420 856 488 915 quod
508 858 548 901 est
565 858 671 903 estsere:
690 854 718 901 in
734 869 784 913 quo
799 855 868 900 inest
880 855 932 901 iam
948 855 990 901 ris
1023 872 1024 903 ι

182 922 308 980 quaedam
322 922 403 968 alieni
416 923 526 969 arbitrii
562 923 623 969 Non
636 922 705 978 enim
717 922 758 968 sui
773 925 864 979 potens
875 923 927 980 est,
944 921 991 979 qui

182 989 294 1037 vehitur.
331 991 441 1037 Vexare
451 992 549 1049 autem,
564 991 631 1048 quod
641 1004 676 1037 en
685 1004 717 1036 eo
728 989 881 1036 inclinatum
890 992 943 1049 est,
961 988 991 1035 vi

183 1059 258 1115 atque
272 1057 344 1104 motu
356 1056 448 1115 procul
463 1057 542 1104 dubio
555 1057 669 1103 vastiore
683 1058 730 1103 est.
765 1055 889 1113 Numqui
904 1056 992 1103 fertur

183 1125 347 1182 atropatus,
367 1127 442 1182 atque
456 1124 506 1170 huc
516 1126 592 1182 atque
602 1124 666 1170 illue
677 1123 840 1181 distrahitur,
856 1122 880 1169 is
895 1122 992 1171 vexari

182 1189 288 1253 proprie
299 1189 409 1238 dicitur:
428 1190 506 1238 sicuti
516 1197 616 1238 taxare
631 1191 744 1249 pressius
759 1189 924 1248 crebriusque
939 1191 991 1248 est,

182 1271 258 1317 quam
270 1263 390 1319 tangere,
407 1259 475 1304 unde
489 1259 582 1317 procul
597 1258 674 1305 dubio
688 1259 716 1305 id
728 1257 883 1305 inclinatum
891 1260 943 1306 ests
963 1259 993 1306 et

181 1326 286 1371 s'uetare
294 1325 376 1372 multo
387 1326 470 1372 fusius
480 1326 631 1384 largiusque
641 1328 693 1386 est,
713 1326 899 1386 quantaene,
918 1323 991 1372 unde

182 1390 209 1437 id
227 1394 334 1438 verbum
350 1394 495 1440 traductum
514 1396 565 1438 est:
584 1395 760 1453 etquassare,
782 1406 856 1453 quarn
866 1400 990 1453 quatere,

182 1457 287 1517 gravius
298 1459 490 1518 violentiusque
501 1463 549 1506 est.
577 1462 600 1506 6.
616 1461 676 1505 Non
688 1460 775 1519 igitur,
787 1459 848 1517 quia
858 1460 937 1519 vulgo
950 1459 992 1506 di·

182 1525 207 1571 ei
217 1525 299 1586 solet,
314 1530 437 1573 vexatum
450 1541 507 1574 esse
517 1540 592 1586 quem
602 1528 672 1574 fumo
683 1528 728 1573 aut
736 1530 815 1573 vento
826 1528 871 1573 aut
880 1527 990 1586 pulvere

183 1586 468 1657 [laborare·videmus]‚
486 1597 626 1653 propterea
640 1594 716 1642 debet
728 1594 769 1640 vis
784 1607 845 1640 vera
854 1596 931 1652 atque
940 1607 990 1641 ns·

181 1663 241 1706 tura
252 1660 323 1707 verbi
333 1661 464 1720 deperire3
487 1675 552 1719 quae
563 1675 578 1707 a
588 1662 728 1723 veteribus,
743 1661 787 1719 qui
796 1661 900 1720 proprie
911 1663 990 1719 etque

182 1726 284 1785 signate
291 1728 375 1773 locuti
386 1730 457 1788 sunt,
472 1729 509 1774 ita
520 1731 548 1775 nt
558 1729 645 1775 decuit
657 1731 811 1786 conservata
824 1730 872 1774 est.
908 1730 933 1775 ’1.
951 1729 990 1777 Μ.

183 1794 291 1840 Catonis
303 1797 382 1842 verba
395 1798 455 1842 sunt
468 1809 503 1842 ex
517 1796 650 1855 oratione,
670 1810 745 1855 quam
757 1796 788 1842 de
798 1794 908 1842 Achaeis
923 1795 990 1843 seri-

180 1860 246 1921 psit:
267 1864 377 1924 osusque
389 1864 527 1911 Hannibal
536 1871 636 1910 terrum
646 1864 755 1911 Italiam
766 1863 901 1911 laceraret
908 1869 990 1924 atque

182 1936 304 1977 vexaret.
342 1931 474 1977 Vexatuns
493 1931 596 1978 ltaliam
614 1931 683 1978 dixit
701 1933 763 1977 Cato
782 1933 813 1977 eb
830 1929 989 1987 Hannibale,

184 1996 287 2055 quaudo
301 1997 404 2043 nulium
414 1998 567 2044 calamitatis
578 1999 624 2044 aut
632 1998 755 2045 saevitiae
766 1999 810 2043 aut
819 1997 990 2043 immanitatis

183 2075 265 2121 genus
274 2065 384 2123 reperiri
393 2067 483 2125 queat,
501 2066 588 2121 quod
580 2079 616 2133 ιιι
617 2078 649 2111 eo
659 2069 774 2125 tempore
779 2062 856 2111 ltuha
865 2078 918 2110 non
928 2078 990 2122 per-

182 2142 260 2189 pessa
269 2131 312 2177 sst
347 2133 372 2177 8.
389 2134 426 2178 Μ.
442 2132 547 2180 Tullius
561 2108 620 2179 nt·
612 2135 777 2180 unverrem.
806 2132 989 2189 Quaeabe'sto

182 2198 221 2243 sse
234 2198 354 2256 spoliata
369 2205 449 2260 ateste
462 2199 569 2258 direpta
583 2206 635 2260 est,
654 2214 705 2246 non
718 2206 749 2245 at
763 2199 796 2245 ab
805 2198 879 2244 hoste
889 2198 990 2258 alequa,

176 2263 231 2331 'pes‘
244 2268 356 2312 tamen'
344 2281 371 2312 ιιι
381 2268 446 2313 bello
456 2267 606 2327 religionem
617 2274 642 2312 et
652 2267 861 2313 consuetudinis·
848 2280 911 2311 sura
921 2266 992 2311 rete-

183 2338 267 2387 ntet,
282 2334 328 2379 ssd
336 2339 365 2379 ut
375 2348 394 2381 a
403 2334 527 2380 barbosus
533 2330 711 2393 praedonibus
719 2340 822 2380 vexata
832 2346 887 2380 esse
897 2332 991 2379 videa·

183 2403 240 2443 tur.
273 2401 298 2445 9.
315 2398 354 2445 De
371 2402 502 2448 illaudato
522 2402 607 2446 autem
625 2401 676 2447 duo
697 2400 817 2446 videntur
833 2398 991 2458 responderi

184 2475 285 2522 posse-⁴
306 2466 390 2512 Unum
401 2469 443 2512 est
450 2467 608 2514 huiusmodi:
627 2480 701 2513 nemo
716 2467 849 2526 quisquam
862 2468 914 2512 tam
925 2465 991 2513 etie-

184 2530 221 2578 ris
238 2534 279 2577 est
291 2531 420 2590 moribus,
439 2534 501 2590 quin
514 2533 594 2581 faeiat
607 2536 651 2580 aut
664 2534 733 2580 dieat
745 2546 928 2592 nonnunquam
938 2533 990 2580 aii.

185 2598 259 2658 quid,
272 2599 341 2656 quod
354 2599 457 2646 laudari
469 2602 555 2657 queat.
591 2600 664 2646 Unde
673 2600 716 2648 hie
725 2600 918 2659 antiquissimus
927 2612 991 2648 ver·

184 2677 228 2712 sus
237 2665 321 2715 tieem
330 2666 463 2728 proverbii
473 2667 618 2715 celebratus
627 2669 679 2715 estz
