2067 3034
271 129 278 144 ἢ
334 173 407 220 mn.
428 169 477 219 IV.
513 170 595 219 GAP.
613 173 638 221 8·
838 171 891 226 Μ

86 288 235 337 damnabat·
273 290 296 337 3·
314 291 370 338 Hoc
385 291 425 344 ius
439 296 633 355 sponsaliorum
648 296 812 359 observatum
826 294 891 342 dicit

86 358 196 407 Servius
210 357 243 405 sd
258 358 284 403 id
298 361 409 420 tempus,
429 378 479 421 quo
496 365 588 410 civitas
606 363 728 409 universo
738 362 814 409 Latio
830 363 889 419 lege

86 426 155 473 iulia
169 427 230 472 dats
243 430 291 472 est.
327 430 351 471 4.
369 429 440 476 Haec
454 430 544 477 cadem
557 429 678 478 Neratius
692 429 798 491 scripsit
813 428 840 475 in
855 429 890 475 ii·

85 493 141 553 buo,
151 503 227 553 quem
237 493 276 539 Dc
287 494 389 552 Nuptiis
399 498 553 557 composuit.

278 746 281 754 .
364 695 549 750 CAPUT
584 697 619 751 V,

113 793 228 841 Historia
236 802 338 840 amato
347 799 374 841 de
380 796 484 855 perfidia
493 799 641 854 haruspicum
649 799 808 847 Etruscum,
818 800 889 855 md·

142 865 183 910 que
192 852 219 895 ob
230 865 334 895 curarem
343 866 417 896 cerem
425 854 463 897 ite
472 870 488 897 a
494 857 575 912 pueris
582 855 671 897 Rom
679 857 733 897 urbe
743 861 796 897 tota
805 860 890 898 canta·

143 914 180 951 uss
190 913 236 950 esti
255 908 346 951 Maium
356 909 476 954 consilium
487 910 616 953 consultori
622 913 749 968 pessimum
759 916 798 953 est.

122 1004 146 1048 l.
165 1003 257 1049 Statua
269 1002 365 1051 Romae
381 1004 409 1051 in
422 1004 529 1051 comitio
548 1005 635 1064 posita
649 1004 753 1051 Horatii
772 1002 891 1064 Coclitis,

87 1068 226 1117 tortissimi
236 1069 299 1128 viri,
317 1071 348 1117 dc
359 1072 434 1118 coelo
444 1075 513 1119 taeta
522 1076 570 1119 cst.
605 1074 630 1117 2.
650 1074 687 1118 Ob
698 1071 726 1118 id
736 1071 824 1129 fulgur
833 1070 892 1129 piu·

87 1136 154 1184 culis
164 1137 294 1196 luendum,
309 1137 459 1195 haruspices
473 1153 507 1186 ex
516 1139 621 1185 Etruria
633 1138 719 1197 acciti,
734 1136 839 1184 inimico
850 1141 890 1185 at-

86 1218 137 1264 que
149 1202 243 1250 iustiti
257 1204 285 1249 iu
298 1206 421 1263 poputum
436 1207 579 1253 itomanum
593 1207 695 1261 animo,
713 1204 890 1263 instituerunt,

86 1285 142 1317 essu
153 1284 208 1317 rens
217 1271 357 1318 contrariis
366 1272 540 1332 religionibus
553 1286 701 1331 procurare.
726 1275 751 1318 3.
761 1274 845 1329 Atque
855 1271 891 1316 ii-

86 1338 140 1386 ianr
158 1340 269 1385 statuam
288 1343 425 1385 suaserunt
442 1338 471 1385 in
489 1340 641 1387 interiorem
655 1340 741 1385 locum
755 1351 891 1397 perperam
911 1363 920 1398 ,χ

87 1404 236 1463 transponi,
256 1419 330 1463 quem
346 1406 387 1452 sol
404 1406 525 1465 oppositu
540 1407 636 1453 circum
651 1406 763 1463 undique
780 1406 891 1451 aliarum
911 1401 925 1454 ⁵.

9 1519 13 1542 ‚
88 1472 190 1523 sedium
199 1484 327 1531 nunquam
337 1471 493 1520 illustraret.
529 1475 553 1519 4.
568 1473 641 1528 Quod
654 1487 709 1519 cum
719 1473 756 1518 ita
766 1472 822 1519 sieri
832 1485 891 1531 per-
921 1523 925 1531 ,

88 1539 245 1600 suasissent,
264 1539 345 1585 delati
359 1542 392 1587 ad
405 1540 529 1599 populum
541 1540 689 1599 proditique
703 1544 775 1594 sunt;
796 1542 891 1585 etcum
924 1579 926 1582 .

89 1608 121 1655 de
135 1606 243 1665 peridis
261 1607 376 1654 confessi
395 1612 495 1666 essent,
514 1608 601 1654 necati
620 1609 692 1664 sunt;
712 1607 889 1664 constititque,

89 1688 146 1721 casu
160 1675 284 1731 statuam,
300 1674 410 1731 proinde
423 1679 452 1721 ut
462 1688 540 1721 verae
549 1674 664 1721 rationes
673 1676 733 1731 post
743 1676 889 1732 compertae

87 1742 241 1796 monebunt,
259 1739 288 1786 in
304 1741 389 1788 locum
405 1742 502 1788 editum
516 1741 714 1801 subducendam,
728 1745 803 1796 atquc
814 1740 851 1785 ita
860 1739 889 1785 in

87 1821 150 1855 srea
158 1806 270 1854 Vulcani
280 1807 423 1856 sublimiori
435 1809 494 1855 loco
505 1808 680 1855 statuendam:
699 1822 779 1865 euque
791 1821 833 1853 res
843 1807 890 1852 be-

86 1889 120 1923 ne
133 1888 164 1921 ac
174 1886 298 1934 prospere
308 1874 408 1934 Populo
419 1878 535 1923 Romano
546 1875 632 1921 cessit.
668 1878 691 1920 5.
711 1876 783 1919 Tunc
798 1873 897 1931 initum

86 1942 156 2002 quod
169 1941 198 1987 in
212 1941 338 1989 Etruscos
353 1942 502 2001 haruspices
515 1942 584 1989 male
598 1942 762 1987 consulentes
773 1940 889 1986 animad-

86 2021 191 2056 uersum
208 2009 416 2066 vindicatumque
437 2011 538 2065 iuerat,
556 2022 648 2056 versus
659 2007 703 2054 liic
720 2008 785 2055 scite
805 2008 889 2054 tactus

85 2079 253 2133 tentatusque
264 2087 322 2121 esse
331 2072 369 2139 [e]
380 2077 469 2135 pueris
478 2078 541 2121 urbe
551 2078 607 2121 tota
616 2076 710 2122 fertur:

117 2160 219 2213 Maium
230 2160 362 2206 consilium
372 2160 515 2206 connitere·
521 2157 660 2219 pessimum
671 2163 719 2204 est.

85 2263 109 2309 u.
128 2259 169 2307 Es
182 2258 293 2307 historia
308 2259 338 2306 de
354 2259 534 2318 haruspicibus
549 2273 578 2306 ac
593 2260 623 2305 de
633 2272 711 2306 versu
722 2257 773 2305 isto
783 2259 886 2306 senario

84 2329 181 2387 scripta
192 2327 269 2374 estin
280 2327 422 2374 Annalibus
431 2326 564 2379 Maximis,
580 2325 646 2373 libro
658 2326 806 2386 undecimo,
824 2325 887 2372 etin
900 2375 902 2378 ,

83 2394 172 2443 Verrii
193 2393 282 2441 Flacci
300 2394 368 2440 libro
387 2394 469 2453 primo
489 2395 584 2439 Rerum
602 2391 724 2441 memoria
743 2393 887 2451 dignarum.

83 2464 108 2508 ⁴1.
126 2462 238 2508 Videtur
247 2464 333 2507 nutem
346 2474 434 2507 versus
446 2460 487 2507 hic
497 2460 528 2506 de
540 2462 638 2508 Graeco
649 2460 698 2506 ilio
709 2458 818 2506 Hesiodi
829 2472 887 2506 ver·
901 2491 903 2494 v

84 2543 114 2577 su
126 2541 277 2588 expressus:

117 2603 156 2658 ‘H
162 2607 191 2658 dt
202 2602 264 2671 κακὴ
273 2601 356 2673 βουλὴ
367 2608 402 2673 τῷ
410 2604 582 2673 βουλεύσαντι
592 2608 709 2674 κακίστη.

910 1711 925 1740 ‚.
