2067 3034
298 144 379 190 ΜΒ.
400 144 497 190 xv11.
534 146 623 190 car.
644 149 668 190 o.
834 136 886 193 aas

82 257 198 310 amicitia
207 258 371 317 liberalitati,
386 274 470 319 acque
479 260 626 308 liberalitas
635 260 765 308 amicitiae
778 265 886 320 praebe.

79 342 108 375 re
127 330 306 386 argumentum
320 330 420 386 potest,
440 343 496 375 cura
506 329 538 375 de
550 332 660 387 utroque
671 328 769 386 pariter
779 344 886 387 quaera-

79 399 132 443 tur.
170 398 193 440 9.
210 396 282 442 llaec
297 394 345 441 illc
361 396 505 443 rhetoricus
522 396 622 443 artilex
636 397 720 443 dicere
736 396 885 453 quibusdam
931 394 936 400 ”

83 463 220 510 ridebatur
230 462 314 521 perite
324 464 350 507 et
360 462 473 509 scienter
481 478 496 508 zv
513 464 560 509 sed
573 464 663 510 ridere
674 463 751 522 iicet,
772 478 831 508 eum
841 478 885 510 ro·

83 529 270 577 cabularerum
281 539 343 575 rera
357 530 530 587 ignoravisse.
567 531 607 576 lc.
625 531 689 576 Nam
705 532 845 577 beneficum
861 536 888 578 et

83 594 313 644 liberalemcicero
326 598 448 655 appellat,
459 598 497 644 iia
507 600 536 644 ut
544 593 693 657 philosophi
704 598 886 656 appellandum

84 676 141 712 esse
152 668 268 719 censent,
278 677 330 708 non
340 677 398 710 eum
406 665 461 724 qui,
471 668 500 711 ut
507 665 564 723 ipse
575 665 621 722 ait,
631 666 755 711 beneficia
764 666 885 711 menesa-

83 735 134 793 tur,
145 730 189 777 scd
198 730 243 789 qui
253 730 362 788 benigne
374 732 446 787 iacit,
457 733 531 778 nulla
540 733 620 778 tacita
627 733 730 779 ratione
740 732 773 778 ad
782 732 889 782 utilita·.

83 801 123 846 tes
139 810 198 846 suss
212 798 380 846 redundante.
418 801 456 845 11.
475 801 535 846 Non
545 813 606 858 ergo
618 802 726 845 obscuro
737 813 821 856 aeque
830 813 886 845 am-

82 865 162 923 biguo
173 867 323 923 argumento
334 878 396 912 usus
406 869 454 923 est,
465 866 510 912 sed
520 870 589 913 certo
599 870 676 923 atque
685 866 835 925 perspicuo:
848 868 886 928 pi-

84 932 194 991 quidem,
216 931 261 990 qui
275 945 336 979 vere
349 935 476 980 beneficus
489 929 659 990 liberalisque
673 936 721 990 est,
740 946 789 989 qua
798 938 884 980 mente

83 999 150 1049 bene
160 1002 205 1046 aut
213 997 360 1046 liberaliter
368 1000 456 1055 iaciat,
466 1014 520 1047 non
529 1002 670 1058 quaeritur.
693 1002 729 1045 12.
736 1000 804 1045 Aliis
815 1001 884 1047 enim

83 1066 164 1125 longe
174 1066 320 1116 nominibus
331 1068 501 1126 appellandus
512 1071 560 1125 est,
577 1068 608 1129 si,
619 1082 675 1115 cum
684 1065 750 1113 talia
760 1067 832 1123 iacit,
842 1068 884 1114 sui

83 1134 171 1194 potius
187 1147 262 1191 quam
275 1134 384 1181 alterius
396 1134 502 1181 iurandi
518 1148 597 1181 causa
609 1135 681 1181 tacit.
718 1136 758 1180 13,
775 1134 884 1181 Proces-

83 1201 162 1250 sisset
177 1203 263 1248 autem
277 1203 419 1260 argutatori
433 1202 480 1248 isti
498 1204 643 1249 fortassean
661 1202 842 1260 reprehensio,
861 1200 885 1247 si

84 1268 176 1316 Cicero
193 1268 230 1315 ita
241 1268 365 1317 dixisset:
388 1271 425 1316 sz
434 1274 499 1317 eninr
510 1267 620 1327 beafiee
630 1269 827 1329 liberaliterque
833 1270 884 1331 fu-

81 1338 175 1392 es'mus,
189 1349 239 1381 non
248 1342 278 1381 ut
287 1338 421 1396 sss'gamus
430 1337 548 1398 gratiam
553 1352 565 1397 ;
585 1338 719 1383 videretur
729 1336 797 1383 euim
806 1336 885 1382 bene-

81 1401 132 1449 fice
149 1395 243 1459 facere,
265 1401 344 1448 etiam
359 1402 387 1448 in
401 1418 454 1449 non
463 1403 603 1450 beneficum
617 1405 707 1450 cadere
720 1416 805 1462 posse,
824 1403 847 1449 si
857 1404 884 1449 id

82 1480 132 1528 per
142 1465 255 1525 aliquam
265 1468 480 1519 circumstantiam
490 1472 569 1528 fleret,
579 1485 632 1517 uon
641 1484 689 1530 per
697 1471 779 1529 ipsam
791 1484 884 1529 perpe·

82 1539 145 1584 tuae
163 1534 332 1593 benignitatis
347 1536 527 1585 constantiam.
565 1540 604 1584 14,
623 1539 675 1585 Sed
687 1551 745 1584 cum
755 1539 884 1586 beneficos

59 1599 62 1606 ’
82 1601 259 1659 liberalesque
273 1602 381 1665 rixeris,
401 1618 483 1663 neque
500 1602 637 1652 aliusmodi
651 1606 698 1651 isti
718 1607 789 1665 sant,
808 1618 884 1661 quam

84 1668 162 1718 cuius
173 1681 230 1716 esse
239 1683 285 1718 eos
296 1671 505 1731 supradiximus,
521 1672 615 1733 illotis,
631 1671 790 1730 quohaiunt,
808 1672 883 1730 pedi-

82 1737 132 1786 bus
142 1737 168 1785 et
178 1735 264 1788 verbis
274 1738 439 1797 reprehendit
447 1739 593 1790 tortissimi
603 1740 654 1787 viri
663 1739 815 1787 arabonam.

346 1869 533 1924 ciPur
567 1870 620 1923 Vl.

111 1949 204 1996 Fatum
213 1965 263 2006 csse,
275 1956 338 2012 queri
349 1954 440 1999 Verrius
449 1954 546 1998 Flaccus
554 1954 580 1998 s‘n
590 1955 701 1998 librom
709 1956 816 2006 semna,
824 1965 883 2011 pisos

139 2009 173 2052 lle
183 2007 285 2054 Obscuris
294 2009 330 2054 Μ.
337 2009 432 2057 Cetarss‘s
442 2011 611 2068 scarponinse
619 2024 683 2054 sosas
691 2012 813 2066 recepticio
824 2010 881 2054 soi-

135 2071 203 2121 paen
212 2066 310 2125 reliquit.

117 2141 140 2189 1.
158 2144 196 2189 Μ.
216 2143 278 2189 Cato
297 2142 440 2190 Voconiam
457 2144 541 2204 legem
559 2143 681 2204 suadeas,
706 2142 792 2188 serbis
810 2140 883 2186 hisce

79 2222 144 2257 usus
155 2210 207 2256 cst:
227 2208 357 2270 Principia
371 2212 443 2258 nobis
456 2214 549 2259 mulier
559 2226 679 2272 ssagaans
689 2211 772 2256 doleas
781 2209 881 2265 attulit,

82 2283 136 2326 tam
145 2289 265 2338 magnum
272 2280 411 2337 pecuniam
420 2282 514 2338 recipit
520 2311 528 2337 ,
543 2294 621 2340 quam
631 2281 657 2323 ἐκ
666 2280 882 2336 viripotcstatem

81 2356 134 2391 noa
150 2347 301 2405 commissa·
319 2350 524 2408 compecasn'am
533 2350 589 2393 vira
600 2353 715 2392 mutarum
724 2345 790 2403 dat,·
808 2348 883 2402 past-

79 2424 129 2471 ea,
147 2411 193 2457 ubi
199 2414 274 2459 irata
277 2407 361 2474 sacta
371 2420 424 2471 est,
442 2427 543 2461 seruam
554 2415 720 2471 recepticium
729 2413 828 2458 sectari
834 2417 883 2456 at·-

80 2476 266 2539 pneflugs‘tarc
278 2481 363 2527 airuns
373 2482 450 2528 iubet.
485 2483 510 2526 2.
530 2481 722 2536 (inserebatur,
736 2490 827 2525 serras
835 2491 883 2525 re·

79 2547 203 2604 aeplicius
213 2546 274 2603 quid
283 2552 360 2595 esset.
387 2547 460 2596 Libri
470 2548 556 2594 statim
566 2548 677 2606 quaesiti
687 2545 811 2605 allatique
822 2547 882 2591 suut

79 2611 170 2658 Verrii
186 2611 274 2661 Flacci
290 2614 328 2662 De
345 2616 466 2663 Obscuris
485 2615 599 2662 Catonis.
634 2618 664 2661 ln
682 2615 748 2661 libro
759 2612 884 2659 secundo⁴

81 2679 205 2736 scripturn
215 2680 348 2732 inventurn
357 2687 409 2749 cst,
424 2684 591 2743 recepticium
600 2695 702 2731 servum
712 2679 764 2726 dici
774 2690 884 2736 nequam

121 2747 276 2795 Genusus.
634 2750 676 2798 Bb
