2067 3034
286 174 369 223 LiB.
387 174 466 224 XVI.
503 174 593 222 CAP.
614 178 636 222 t'.
810 171 863 228 363

60 291 132 342 enim
144 292 229 339 fessus
242 293 318 352 atque
332 293 459 352 languens
475 292 575 339 suimus
590 292 621 339 de
632 292 705 339 aestu
713 291 802 341 maris.
821 296 861 341 ’3.
891 327 899 334 .

58 362 175 419 Legebat
185 361 292 407 barbare
302 361 446 420 insciteque
459 360 563 419 Virgilii
574 360 718 422 septimum,
730 362 759 407 iu
768 375 818 420 quo
828 362 864 408 li·

61 430 110 478 bro
120 428 162 473 liic
172 440 261 474 versus
271 430 322 474 est:

100 498 205 542 Centum
215 496 351 555 luas'geras
359 494 494 541 mactabat
503 496 554 541 rs'te
564 494 690 542 bidentes:

63 563 90 610 4.
109 565 136 610 et
144 563 248 609 iubebat
256 575 348 619 rogare
361 575 402 621 se,
417 561 440 607 si
449 561 505 620 quis
519 562 581 620 quid
592 561 704 608 omnium
713 574 800 609 rerum
808 562 865 609 vel-

63 630 104 678 let
119 629 213 677 dicere.
247 632 272 674 ⁵.
297 629 362 674 'rum
378 641 426 688 ego
441 628 541 675 indocti
557 628 669 675 hominis
685 629 865 676 confidentiam

59 694 219 744 'demiratust
239 696 370 748 Boccare,
385 696 496 755 inquam,
512 709 571 756 nos,
580 695 711 753 magister,
722 710 769 742 eur
778 696 865 741 biden-

65 770 105 813 tes
115 764 248 811 dicauturt
283 765 306 807 6.
325 763 459 822 Bidamas,
474 762 571 820 inquit,
581 776 644 809 oves
654 763 813 825 appellatae,
824 762 865 808 id-

65 830 188 888 circoque
197 831 334 891 lanigeras
346 829 423 885 dixit,
436 833 466 876 ut
479 843 541 876 oves
550 830 654 888 planius
666 830 864 876 demonstraret.

66 901 92 944 ’1.
109 898 228 955 Posthac,
242 898 353 955 inquam,
368 896 518 955 videbimus,
531 910 563 942 an
574 910 636 944 oves
647 896 730 951 sulae,
738 900 768 943 ut
776 900 805 942 tu
814 895 864 957 ais,

65 965 183 1012 bidentes
199 965 329 1024 dicantur,
348 965 374 1009 at
388 977 421 1009 au
431 963 587 1022 Pomponius
598 963 777 1010 Atellanarum
785 965 866 1023 putta

65 1032 93 1079 in
104 1032 187 1079 Gallis
197 1030 375 1089 Transalpinis
386 1029 522 1088 erraverit,
533 1044 589 1077 com
600 1031 649 1081 loc
658 1029 774 1087 scripsit:

99 1102 184 1158 Mars,
196 1097 245 1145 tibi
250 1099 483 1160 aoaeofactarsssa
493 1100 518 1145 ss'
526 1110 641 1159 uacuam
650 1098 770 1155 redierit,

98 1168 203 1214 Bidana·
213 1180 297 1212 verre.

66 1236 91 1281 8.
110 1233 162 1279 Sed
170 1246 238 1279 nunc
251 1245 300 1291 ego
312 1245 327 1278 a
337 1235 361 1277 te
372 1230 477 1290 rogavi,
497 1245 602 1290 ecquam
613 1231 679 1278 scias
690 1244 747 1279 esse
755 1230 864 1278 huiusce

65 1299 186 1348 vocabuli
202 1299 338 1346 rationem.
373 1301 398 1343 9.
415 1300 499 1356 Atque
513 1299 562 1345 ille
575 1299 642 1346 nihil
652 1300 797 1353 cunctatus,
817 1298 865 1345 sed

65 1366 173 1416 nimium
182 1368 302 1422 quantum
312 1365 445 1412 audacter:
455 1368 531 1423 Oves,
539 1366 632 1423 iuquit,
642 1365 759 1413 bidentes
769 1365 863 1426 dictae,

66 1433 136 1492 quod
149 1432 211 1477 duos
226 1433 323 1478 tantum
342 1431 431 1477 dentes
449 1432 567 1478 habeant.
605 1435 643 1479 10.
661 1434 709 1479 Ubi
728 1438 863 1490 terrarum,

63 1511 164 1560 quaeso
181 1500 222 1556 te,
241 1498 356 1556 inquam,
377 1498 440 1560 duos
455 1498 526 1545 salos
536 1512 582 1558 per
591 1503 707 1546 usturam
718 1501 807 1546 dentes
816 1499 864 1545 ha·

66 1569 129 1615 bere
140 1578 214 1612 ovem
223 1564 327 1612 vidistit
341 1566 484 1612 ‘Ostentum
494 1566 561 1612 enim
571 1571 620 1624 est,
631 1571 657 1613 et
666 1567 776 1625 piaculis
787 1565 864 1614 factis

66 1632 263 1693 procurantium.
292 1633 332 1678 ll.
348 1633 414 1679 Tum
426 1631 472 1678 ille
483 1635 613 1691 permotus
622 1634 685 1680 milri
695 1638 722 1680 et
731 1634 862 1680 irritatus:

68 1701 179 1760 Quaere,
189 1698 281 1757 iuquit,
292 1712 323 1744 ea
332 1699 426 1757 potius,
442 1712 507 1758 quae
518 1714 553 1746 ex
563 1701 729 1758 grammatico
739 1714 866 1760 quaereu-

66 1767 101 1813 da
111 1768 183 1824 sant3
198 1779 256 1811 nam
266 1766 297 1811 de
308 1766 393 1812 ovium
404 1766 521 1813 dentibus
531 1767 663 1826 opiliones
673 1771 865 1827 percontantur.

67 1836 108 1883 12.
126 1832 244 1879 Facetias
258 1833 395 1879 nebulonis
405 1832 516 1879 luminis
527 1834 575 1880 risi
585 1837 611 1881 et
619 1835 724 1892 reliqui.
757 1834 865 1881 Publius

66 1904 152 1948 autem
163 1899 284 1957 Nigidius
294 1899 321 1945 iu
330 1899 414 1955 libra,
428 1913 501 1957 quem
511 1901 550 1946 De
559 1901 637 1948 Extis
648 1902 805 1960 composuit,
825 1899 865 1947 bi-

65 1968 156 2014 dentes
166 1966 293 2025 appellari
303 1966 340 2012 ait
350 1980 402 2013 uon
412 1980 474 2013 oves
484 1968 563 2030 solas,
574 1969 619 2014 sed
629 1982 717 2015 omues
727 1969 808 2015 bimas
817 1967 866 2012 ho·

66 2035 139 2082 stias.
157 2035 246 2091 Neque
257 2036 341 2079 tamen
352 2033 420 2080 dixit
430 2033 552 2093 apertius,
559 2049 606 2082 cur
614 2036 743 2082 bidentes:
759 2037 797 2081 13.
808 2033 864 2093 sed,

66 2101 136 2160 quod
153 2100 223 2147 ultro
244 2099 467 2156 existimabamus,
486 2100 512 2146 id
533 2102 656 2161 scriptum
674 2100 818 2148 invenimus
836 2099 866 2146 iu

66 2167 257 2216 commentariis
273 2167 424 2225 quibusdam
438 2168 470 2213 ad
485 2167 527 2213 ius
540 2169 697 2228 pontificium
710 2167 865 2226 pertinenti·

64 2235 122 2295 bus,
133 2235 252 2281 titienses
261 2235 344 2293 prima
355 2234 444 2286 dictas.
452 2234 530 2281 litera
539 2235 661 2298 immissa,
666 2236 739 2293 quasi
749 2236 865 2281 biennes:

66 2306 122 2349 tum
132 2303 211 2361 longo
221 2315 270 2348 usu
280 2301 402 2360 loquendi
412 2305 559 2359 corruptam
569 2315 626 2349 esse
636 2317 735 2360 vocem,
746 2306 772 2349 et
781 2316 816 2350 ex
826 2304 865 2349 bi·

65 2370 190 2416 «isaacium
198 2370 310 2416 bidentes
320 2370 428 2415 iactum:
447 2369 569 2425 quoniam
578 2369 605 2415 id
615 2370 750 2417 uidebatur
758 2381 815 2417 esse
825 2369 865 2415 di·

66 2438 110 2484 ctu
126 2436 230 2483 facilius
243 2435 387 2493 laniusque.
425 2438 464 2482 lt.
481 2436 593 2494 Higinus
607 2439 690 2483 tamen
707 2438 798 2489 lulius,
819 2435 864 2493 qui

65 2502 108 2551 las
122 2502 278 2561 pontificium
293 2516 344 2548 non
360 2502 463 2549 videtur
476 2501 624 2561 ignorasse,
643 2502 670 2550 iu
681 2508 772 2563 quarto
783 2504 866 2549 libro-

64 2582 144 2628 rum,
154 2582 218 2626 quos
227 2570 266 2617 De
276 2568 389 2628 Virgilio
407 2570 481 2627 lacit,
499 2571 611 2619 uidentes
621 2572 749 2630 appellari
759 2570 867 2628 scripsit

65 2635 175 2691 hostias,
185 2650 250 2694 quae
260 2651 306 2695 per
317 2639 426 2683 aetatem
437 2638 501 2684 duos
511 2638 602 2685 dentes
612 2639 720 2686 altiores
730 2640 864 2686 haberent.

68 2704 110 2751 lt.
127 2704 148 2752 V
151 2704 211 2750 enlm
220 2704 294 2754 illius
303 2704 359 2764 ipsa
368 2705 457 2764 posui:
476 2706 550 2765 Quae
559 2706 646 2756 &desa
656 2714 705 2765 est,
716 2707 808 2766 iuquit,
817 2706 866 2754 lic-
