2067 3034
171 164 174 170 ·
228 125 231 130 ’
273 157 471 208 nraxvrr.
505 154 669 229 ‚annal
770 165 773 170 ·
811 148 866 205 3⁸3

57 284 88 332 ia
105 277 290 332 certaminibus
307 275 500 346 comoediarum
518 271 615 319 ambitu
634 270 769 329 gratiaque
784 273 811 317 et
825 273 867 318 ta·

59 349 190 399 ottonibus
204 358 391 404 saepenumero
407 342 569 389 vincebatur.
604 341 628 384 2.
647 339 712 384 Eum
729 352 786 384 cum
796 340 866 385 torte

58 416 192 466 habuisset
203 413 317 461 obviam:
338 412 456 466 Quaeso,
474 406 570 467 inquit,
585 404 730 462 Philemon,
744 406 813 450 bona
822 419 867 451 ve-

59 485 114 542 nia,
130 480 257 535 dicmihi,
272 492 329 526 cum
338 491 378 524 me
388 475 484 533 vincis,
499 488 552 520 nou
562 471 711 520 erubescisi
747 474 770 518 3.
788 472 869 518 Euri·

60 552 148 611 pidem
157 561 257 606 quoque
266 548 303 594 M.
312 544 396 591 Varro
409 543 460 602 ait,
478 555 535 588 eum
545 541 657 598 quinque
668 541 694 585 et
703 538 870 597 septuaginta

61 615 210 678 tragoedias
220 611 370 671 scripserit,
385 609 413 655 in
423 609 537 667 quinque
548 606 614 653 solis
624 605 728 663 vicine,
744 620 800 652 cum
809 619 869 651 enm

60 685 197 733 uincerent
211 680 312 739 aliquot
326 679 420 737 positae
440 673 612 735 ignavissimi.
646 676 673 718 4.
696 673 869 723 Menandrum

61 755 150 800 sutem
158 749 206 796 alii
217 748 320 795 centum
334 748 359 790 et
373 746 446 805 octo,
464 742 558 801 partim
569 743 670 787 centnm
681 742 707 786 et
716 753 810 787 novem
822 753 869 786 co-

60 818 178 867 moedias
188 813 327 871 reliquisse
338 814 434 858 ierunt.
469 813 493 855 5.
513 810 565 855 Sed
574 807 742 866 Apollodori,
756 805 869 865 scripto-

60 886 100 934 ris
116 879 330 939 celebratissimi,
351 878 399 924 hos
415 878 445 923 de
455 875 599 922 Menandro
614 886 703 921 versus
718 874 829 934 legimus
839 873 870 919 in

37 978 40 982 ·
60 954 142 1009 libro,
151 950 196 1009 qui
206 947 334 994 Chronica
343 944 485 1003 inscriptus
495 947 547 989 est:

95 1017 142 1078 Κη
162 1011 239 1068 cassis
250 1011 285 1059 cis
295 1012 321 1059 iu
332 1008 496 1063 Διοπείθους
506 999 612 1071 πατρὸς,

96 1086 173 1149 Προς
181 1086 264 1130 τοῖσιν
273 1073 363 1129 ἑκατὸν
372 1076 445 1125 πέντε
460 1068 564 1140 γράψας
575 1067 697 1139 δράματα

92 1146 217 1207 Ἔξέλιπε,
229 1141 387 1208 πεντήκοντα
397 1142 440 1190 καὶ
451 1141 525 1191 δυοῖν
535 1140 607 1189 ἐτῶν.

64 1224 87 1270 6.
106 1220 150 1269 Ex
160 1218 219 1264 istis
229 1220 316 1263 tamen
326 1215 428 1261 centum
437 1214 464 1258 et
472 1211 584 1270 quinque
594 1208 722 1270 omnibus,
736 1206 801 1254 sotis
811 1221 870 1255 eunt

30 1326 35 1330 .
82 1292 125 1336 cto
136 1284 239 1344 vicisse,
250 1283 318 1329 idem
327 1280 504 1339 Apollodorus
516 1278 607 1326 eodem
617 1277 645 1323 in
653 1276 722 1324 libro
733 1274 847 1335 scripsit.

341 1385 529 1438 CAPUT
564 1385 600 1437 V.

93 1460 245 1520 Nequaquam
258 1469 301 1500 esse
315 1469 403 1503 vomu,
423 1456 484 1510 quod
494 1451 587 1495 mimts's
597 1452 728 1509 quibusdam
741 1450 872 1495 rhetoricae

124 1515 254 1573 artificibus
264 1512 376 1561 uideatur,
387 1509 423 1552 M.
435 1508 597 1562 Ciceronemts'u
606 1508 673 1558 libro,
688 1522 752 1565 quem
762 1507 796 1564 lte
804 1506 870 1551 Aass'-

124 1572 183 1617 cista
191 1568 293 1625 scripsit,
303 1568 387 1611 vitioso
398 1570 534 1619 argumento
543 1578 613 1612 usum,
625 1569 821 1619 ἀμφισβητούμενον
829 1568 871 1611 ἂν·

123 1638 145 1678 τι
154 1632 323 1685 ὁμολογουμένου
334 1623 448 1678 pausiae:
468 1626 585 1677 totumque
598 1620 625 1663 ἑά
637 1620 803 1664 consideratius
821 1626 870 1663 tra·

125 1691 214 1730 etatum
223 1682 418 1737 exploratumque.

102 1766 128 1811 1.
145 1764 182 1809 M.
193 1760 284 1806 Cicero
299 1756 326 1802 in
342 1754 461 1813 dialogo,
482 1752 523 1799 cui
538 1752 632 1799 titulus
647 1752 810 1811 estLaelius,
828 1750 873 1797 vel

64 1834 107 1884 De
118 1827 255 1885 Amicitia,
275 1825 368 1885 docere
379 1823 487 1881 volens,
506 1819 646 1866 amicitiam
659 1833 712 1865 non
722 1832 767 1877 spe
777 1831 874 1877 eprspe-

66 1898 232 1953 ctationeque
248 1890 384 1946 utilitatis,
402 1901 486 1945 neque
504 1886 584 1945 pretii
600 1885 778 1942 mercedisque
795 1896 874 1930 causa

66 1968 111 2015 col
146 1965 212 2023 dam,
223 1962 277 2019 sed,
286 1958 347 2015 quia
357 1956 414 2014 ipse
424 1966 538 2015 peraeae
547 1954 625 2011 plena
635 1952 741 1999 virtutis
751 1951 874 1998 honesta-

5 2075 6 2078 ,
66 2036 154 2092 sisque
165 2032 212 2091 sit,
226 2024 398 2085 expetendam
408 2021 616 2079 diligendamque
626 2033 693 2074 esse,
709 2018 789 2065 etism
799 2017 823 2062 si
832 2015 874 2061 ui-

66 2103 107 2151 hil
118 2099 189 2158 opis,
210 2094 328 2151 nihilque
339 2088 508 2136 emolumenti
517 2101 553 2135 ex
564 2101 595 2133 ea
605 2086 704 2146 percipi
714 2088 805 2142 queat:
826 2084 874 2129 hac

68 2166 213 2222 sententia,
233 2167 309 2219 atque
324 2157 366 2204 lris
380 2156 465 2203 verbis
476 2168 538 2201 usus
548 2157 600 2211 est3
620 2167 701 2211 eaque
712 2153 799 2204 dicere
810 2150 874 2197 facit

70 2239 98 2283 c.
113 2232 244 2289 Laelium,
264 2226 408 2285 sapientem
426 2223 525 2278 vnum,
544 2222 588 2280 qni
603 2222 633 2267 P.
649 2219 769 2267 Africani
788 2219 875 2264 iuerat

69 2300 256 2351 amicissimus:
276 2298 300 2340 2.
312 2293 380 2350 Quid
388 2292 455 2337 enim
464 2287 609 2351 Africanus
620 2289 734 2349 indigens
744 2281 812 2346 mei?
834 2284 874 2331 Ns

70 2386 118 2432 ega
128 2368 227 2429 quidem
238 2363 318 2410 illius.
354 2358 410 2430 Sed
419 2373 465 2419 ago
481 2356 656 2402 adsairatr'ossa
665 2354 781 2416 quartam
789 2355 876 2399 aista·

72 2441 107 2487 tis
117 2438 187 2496 aius,
207 2433 252 2480 illc
262 2430 373 2476 uicissim
383 2427 503 2485 opinione
506 2424 632 2487 fortasse
640 2422 780 2480 nonnulla,
799 2431 878 2481 qaam

72 2507 105 2553 ste
121 2505 183 2550 vnete
201 2494 497 2551 moveturmouetur
508 2490 620 2547 sitleam
639 2494 718 2537 ausit
728 2486 879 2536 benevolas·

74 2574 142 2621 tiam
156 2564 321 2616 consuetudo.
358 2561 410 2609 Sed
423 2573 572 2622 quanquam
585 2558 718 2605 utilitates
735 2556 834 2603 multas
852 2556 881 2598 et

74 2651 185 2699 magnae
199 2637 352 2682 consecutae
366 2634 438 2685 sunt,
455 2641 507 2675 aaa
520 2632 581 2673 sant
594 2633 681 2673 tamea
690 2625 724 2671 ab
734 2636 824 2669 aarum
833 2632 879 2678 sps

74 2718 174 2757 causae
184 2700 307 2763 diligendi
312 2697 462 2762 profectas.
500 2695 535 2743 Ut
546 2696 611 2743 euim
626 2689 735 2755 benefici
742 2689 879 2741 liberates·
