2067 3034
312 140 392 198 mu.
412 137 470 185 xv.
507 139 596 196 cur.
616 140 642 196 1,—
827 138 885 200 sau,

71 260 133 306 dem
142 256 190 314 sit,
207 270 292 315 neque
302 256 343 304 ius
353 257 445 303 babeat
460 255 604 302 sententiae
615 255 754 321 dicendae,
774 272 829 306 eum
841 276 877 309 ex

71 341 106 375 ea
116 328 201 373 aetate
212 327 360 383 praelectus
370 325 421 381 fiat,
432 338 496 382 quae
506 323 604 369 nonsit
614 325 754 377 senatoria.
769 329 795 373 2.
805 329 876 375 blar-

69 407 120 441 cus
132 396 218 440 autem
226 394 308 439 Varro
323 392 351 437 in
361 395 453 449 quarto
464 390 670 449 Epistolicarum
681 392 877 452 Quaestionum,

73 465 104 509 et
112 461 214 507 Atteius
225 458 323 519 Capito
334 458 362 504 in
373 458 604 505 Coniectaneorum
618 456 792 506 ducentesimo
803 462 879 517 quiu-

71 527 225 587 quagesimo
235 539 319 587 nono,
334 525 377 572 ius
387 538 445 574 esse
454 526 588 582 praefecto
599 525 704 571 senatus
715 525 827 574 habendi
838 528 878 573 dl-

74 599 150 642 cunt:
170 594 251 650 deque
266 607 297 639 ea
315 606 344 639 re
362 605 494 639 assensum
509 605 565 639 esse
580 592 732 650 capitonem
746 595 879 641 Tuberoni

74 665 167 710 contra
176 659 408 707 seutentiamluuii
417 661 511 706 refert:
530 660 649 720 Namque
662 666 689 705 et
702 662 823 717 tribunis,
838 662 888 720 iu·⁴

73 728 140 789 quit,
151 727 237 787 plebia
246 733 353 774 senatur
362 726 474 774 habendi
482 728 523 773 ica
533 734 602 784 erut,
613 740 761 788 quanquam
770 736 878 778 uneto-

73 809 120 845 rcr
128 809 178 843 uon
187 801 285 857 esseut,
295 801 358 842 autc
366 792 481 841 Atinium
484 794 655 854 plebiscitum

300 1021 643 1054 ψει

73 1258 256 1326 Licuit
290 1256 561 1334 ouruuos
593 1256 885 1348 DECtMUS„
937 1239 940 1244 ’

352 1408 539 1460 CAPUT
576 1411 596 1459 l.

84 1507 88 1510 ⁷
107 1509 344 1561 circumuolauit·
356 1510 476 1553 annalibus
487 1509 599 1566 scriptum
613 1516 657 1561 est,
677 1503 764 1563 {ignum
778 1510 876 1556 alumine

133 1568 227 1610 obituum
236 1580 281 1609 nou
291 1570 378 1611 ardere.

73 1643 294 1727 Declamauerat
306 1676 436 1724 Antonius
452 1676 575 1724 luliauu‘s'
590 1676 681 1723 rhetor
699 1679 874 1735 praeterquam

75 1758 177 1805 semper
186 1744 261 1799 alias,
270 1748 325 1791 tum
334 1757 396 1791 vero
406 1744 514 1790 nimium
522 1757 596 1801 quam
602 1743 791 1790 delectabiliter
801 1746 827 1788 et
837 1745 876 1788 te-

74 1814 174 1863 liciter.
210 1813 277 1871 Sunt
286 1811 354 1859 enim
365 1813 443 1858 ferme
454 1811 623 1857 scholasticae
633 1811 699 1857 istae
709 1810 862 1857 declamatio

74 1895 126 1930 aas
138 1879 254 1931 eiusdem
267 1878 380 1926 hominis
396 1877 562 1937 eiusdemque
576 1877 724 1933 facundiae,
745 1890 798 1923 uon
807 1877 877 1923 eius-

76 1950 134 1997 dem
147 1951 234 1994 tanam
246 1945 363 2005 quotidie
374 1945 517 1992 felicitatis.
552 1947 577 1991 2.
595 1946 651 1992 Nos
661 1957 723 2003 ergo
734 1943 877 1990 familiares

76 2017 133 2063 eius
152 2014 301 2061 circumfusi
319 2013 433 2070 undique
452 2026 510 2058 eum
526 2013 743 2070 prosequebamur
759 2011 876 2057 domum:

6 2137 7 2140 Ἴ
76 2080 236 2129 cumdolore
246 2083 384 2128 subeuntes
393 2082 506 2127 montem
517 2079 640 2137 Cispium,
654 2078 825 2136 conspicimus
834 2077 877 2123 iu-

6 2153 7 2162 *
76 2150 162 2197 sulam
170 2149 297 2207 quandam
308 2149 458 2206 occupatam
468 2147 537 2206 igni,
551 2147 640 2193 multis
651 2146 789 2203 arduisque
801 2146 877 2191 tabu·

73 2215 140 2264 lutis
153 2216 264 2273 oditum,
282 2216 309 2263 et
322 2214 466 2273 propinqua
473 2214 526 2261 iam
535 2214 622 2261 omnia
633 2215 741 2271 flagrare
753 2215 826 2260 vasto
835 2211 877 2257 in·

6 2329 7 2344 ἶ
76 2283 176 2332 cendio.
190 2286 229 2330 .8.
245 2281 447 2340 Tumtquispiem
456 2281 493 2328 ibi
507 2295 542 2329 ex
552 2281 689 2328 comitibus
700 2280 807 2327 iuliani:
820 2282 877 2326 bla-

6 2397 9 2410 ,
75 2351 130 2409 gui,
144 2350 236 2409 inquit,
247 2350 351 2397 reditus
357 2350 512 2396 urbanorum
523 2347 698 2408 praediorum
718 2347 876 2408 sedpcricu·

6 2451 8 2474 ÷
75 2419 105 2465 la
117 2421 178 2465 suut
191 2418 271 2477 louge
282 2417 404 2464 maxima.
439 2415 468 2463 Si
485 2408 548 2474 quid
563 2418 650 2462 autem
665 2419 754 2474 posset
767 2415 877 2462 remedii

6 2525 8 2566 Ι

6 2479 8 2518 ⁵
70 2486 146 2544 'tore‚
162 2487 194 2531 ut
207 2498 241 2531 ne
250 2488 303 2531 tam
311 2482 415 2531 assidue
425 2483 517 2529 domur
525 2484 619 2530 Romae
631 2483 764 2543 arderent,
783 2496 876 2529 venum

6 2569 8 2614 ζ
75 2553 165 2601 hercle
176 2552 304 2599 dedissem
313 2564 356 2598 res
366 2550 486 2611 rusticas,
496 2552 524 2597 et
532 2550 632 2597 urbicas
643 2550 769 2598 emissem·
791 2552 816 2595 4.
830 2551 878 2596 At-

6 2621 9 2698 j
73 2633 127 2678 que
136 2619 179 2666 illi
193 2620 310 2667 Iulianus
324 2619 405 2676 laeta,
424 2620 455 2664 ut
464 2630 520 2664 mos
531 2617 588 2663 eius
599 2616 660 2674 tuit,
680 2616 748 2664 inter
758 2617 878 2663 fabulan-

77 2688 139 2735 dum
154 2689 301 2734 venustate:
321 2685 349 2734 Si
359 2686 491 2747 annalem,
505 2684 601 2744 iuquit,
616 2684 834 2732 undevicesimum
844 2684 875 2735 Q.
