<?xml version="1.0" encoding="UTF-8"?>
<!DOCTYPE html PUBLIC "-//W3C//DTD XHTML 1.0 Transitional//EN"
    "http://www.w3.org/TR/xhtml1/DTD/xhtml1-transitional.dtd">
<html xmlns="http://www.w3.org/1999/xhtml" xml:lang="en" lang="en">
 <head>
  <title>
</title>
<meta http-equiv="Content-Type" content="text/html;charset=utf-8" />
  <meta name='ocr-system' content='tesseract 3.04.00' />
  <meta name='ocr-capabilities' content='ocr_page ocr_carea ocr_par ocr_line ocrx_word'/>
</head>
<body>
  <div class='ocr_page' id='page_1' title='image "auligelliinocte04gellgoog_0337.png"; bbox 0 0 2067 3034; ppageno 0'>
   <div class='ocr_carea' id='block_1_1' title="bbox 331 151 896 238">
    <p class='ocr_par' dir='ltr' id='par_1_1' title="bbox 331 151 896 238">
     <span class='ocr_line' id='line_1_1' title="bbox 331 151 896 238; baseline 0.004 -23"><span class='ocrx_word' id='word_1_1' title='bbox 331 167 400 215; x_wconf 84' lang='lat' dir='ltr'>um.</span> <span class='ocrx_word' id='word_1_2' title='bbox 418 151 499 213; x_wconf 74' lang='lat' dir='ltr'>xlv.</span> <span class='ocrx_word' id='word_1_3' title='bbox 534 168 614 214; x_wconf 79' lang='lat' dir='ltr'>cau.</span> <span class='ocrx_word' id='word_1_4' title='bbox 632 168 657 214; x_wconf 84' lang='grc' dir='ltr'>ι.</span> <span class='ocrx_word' id='word_1_5' title='bbox 827 165 896 238; x_wconf 56' lang='grc' dir='ltr'>ξιιι</span> 
     </span>
    </p>
   </div>
   <div class='ocr_carea' id='block_1_2' title="bbox 58 283 908 2013">
    <p class='ocr_par' dir='ltr' id='par_1_2' title="bbox 58 283 908 2006">
     <span class='ocr_line' id='line_1_2' title="bbox 81 283 897 345; baseline 0.001 -12"><span class='ocrx_word' id='word_1_6' title='bbox 81 284 173 345; x_wconf 76' lang='grc' dir='ltr'>ΙΙιοιιᾱί</span> <span class='ocrx_word' id='word_1_7' title='bbox 189 283 406 344; x_wconf 67' lang='lat' dir='ltr'>consulendique,</span> <span class='ocrx_word' id='word_1_8' title='bbox 424 298 521 331; x_wconf 90' lang='lat' dir='ltr'>rerum·</span> <span class='ocrx_word' id='word_1_9' title='bbox 528 285 606 331; x_wconf 86' lang='lat' dir='ltr'>etiam</span> <span class='ocrx_word' id='word_1_10' title='bbox 629 297 721 343; x_wconf 87' lang='lat' dir='ltr'>expers</span> <span class='ocrx_word' id='word_1_11' title='bbox 739 286 897 334; x_wconf 82' lang='lat' dir='ltr'>urbanarum</span> 
     </span>
     <span class='ocr_line' id='line_1_3' title="bbox 94 352 896 413; baseline 0 -13"><span class='ocrx_word' id='word_1_12' title='bbox 94 354 156 413; x_wconf 80' lang='lat' dir='ltr'>fuit,</span> <span class='ocrx_word' id='word_1_13' title='bbox 170 355 207 399; x_wconf 89' lang='grc' dir='ltr'><strong>Μ</strong></span> <span class='ocrx_word' id='word_1_14' title='bbox 218 354 369 411; x_wconf 83' lang='lat' dir='ltr'>Varronem,</span> <span class='ocrx_word' id='word_1_15' title='bbox 385 352 540 398; x_wconf 74' lang='lat' dir='ltr'>familiarem</span> <span class='ocrx_word' id='word_1_16' title='bbox 550 366 632 410; x_wconf 79' lang='lat' dir='ltr'>suurn,</span> <span class='ocrx_word' id='word_1_17' title='bbox 646 353 762 411; x_wconf 78' lang='lat' dir='ltr'>rogavit,</span> <span class='ocrx_word' id='word_1_18' title='bbox 775 354 896 400; x_wconf 85' lang='lat' dir='ltr'>uticum-</span> 
     </span>
     <span class='ocr_line' id='line_1_4' title="bbox 92 385 898 481; baseline -0.004 -12"><span class='ocrx_word' id='word_1_19' title='bbox 92 385 249 469; x_wconf 62' lang='lat' dir='ltr'>meritorium</span> <span class='ocrx_word' id='word_1_20' title='bbox 259 421 357 467; x_wconf 85' lang='lat' dir='ltr'>faceret</span> <span class='ocrx_word' id='word_1_21' title='bbox 367 412 540 480; x_wconf 75' lang='lat' dir='ltr'>slooyoytndr,</span> <span class='ocrx_word' id='word_1_22' title='bbox 551 415 604 481; x_wconf 90' lang='lat' dir='ltr'>(sic</span> <span class='ocrx_word' id='word_1_23' title='bbox 614 419 682 465; x_wconf 91' lang='lat' dir='ltr'>enim</span> <span class='ocrx_word' id='word_1_24' title='bbox 691 419 774 465; x_wconf 89' lang='lat' dir='ltr'>Varro</span> <span class='ocrx_word' id='word_1_25' title='bbox 783 421 841 478; x_wconf 84' lang='lat' dir='ltr'>ipse</span> <span class='ocrx_word' id='word_1_26' title='bbox 851 436 898 479; x_wconf 84' lang='lat' dir='ltr'>ap·</span> 
     </span>
     <span class='ocr_line' id='line_1_5' title="bbox 93 482 908 554; baseline 0.001 -22"><span class='ocrx_word' id='word_1_27' title='bbox 93 487 190 547; x_wconf 72' lang='lat' dir='ltr'>pellat,</span> <span class='ocrx_word' id='word_1_28' title='bbox 192 482 205 549; x_wconf 86' lang='grc'>)</span> <span class='ocrx_word' id='word_1_29' title='bbox 218 500 250 532; x_wconf 85' lang='lat' dir='ltr'>ex</span> <span class='ocrx_word' id='word_1_30' title='bbox 262 501 312 545; x_wconf 87' lang='lat' dir='ltr'>quo</span> <span class='ocrx_word' id='word_1_31' title='bbox 323 487 448 544; x_wconf 80' lang='lat' dir='ltr'>disceret,</span> <span class='ocrx_word' id='word_1_32' title='bbox 464 485 526 543; x_wconf 88' lang='lat' dir='ltr'>quid</span> <span class='ocrx_word' id='word_1_33' title='bbox 539 487 626 531; x_wconf 81' lang='lat' dir='ltr'>tacere</span> <span class='ocrx_word' id='word_1_34' title='bbox 636 485 771 543; x_wconf 77' lang='lat' dir='ltr'>dicereque</span> <span class='ocrx_word' id='word_1_35' title='bbox 782 487 908 554; x_wconf 48' lang='lat' dir='ltr'>deberet,</span> 
     </span>
     <span class='ocr_line' id='line_1_6' title="bbox 83 552 898 611; baseline -0.001 -11"><span class='ocrx_word' id='word_1_36' title='bbox 83 568 155 611; x_wconf 50' lang='lat' dir='ltr'>,cum</span> <span class='ocrx_word' id='word_1_37' title='bbox 172 555 288 599; x_wconf 85' lang='lat' dir='ltr'>senatum</span> <span class='ocrx_word' id='word_1_38' title='bbox 307 554 463 600; x_wconf 73' lang='lat' dir='ltr'>consuleret.</span> <span class='ocrx_word' id='word_1_39' title='bbox 498 554 523 597; x_wconf 79' lang='lat'>3.</span> <span class='ocrx_word' id='word_1_40' title='bbox 544 553 610 598; x_wconf 87' lang='lat' dir='ltr'>Eum</span> <span class='ocrx_word' id='word_1_41' title='bbox 628 552 722 597; x_wconf 84' lang='lat' dir='ltr'>librum</span> <span class='ocrx_word' id='word_1_42' title='bbox 742 558 898 600; x_wconf 85' lang='lat' dir='ltr'>commenta-</span> 
     </span>
     <span class='ocr_line' id='line_1_7' title="bbox 94 619 896 681; baseline 0 -15"><span class='ocrx_word' id='word_1_43' title='bbox 94 620 174 681; x_wconf 86' lang='lat' dir='ltr'>rium,</span> <span class='ocrx_word' id='word_1_44' title='bbox 193 632 268 677; x_wconf 89' lang='lat' dir='ltr'>quem</span> <span class='ocrx_word' id='word_1_45' title='bbox 278 632 357 679; x_wconf 87' lang='lat' dir='ltr'>super</span> <span class='ocrx_word' id='word_1_46' title='bbox 367 634 398 665; x_wconf 90' lang='lat' dir='ltr'>ea</span> <span class='ocrx_word' id='word_1_47' title='bbox 408 633 435 665; x_wconf 89' lang='lat' dir='ltr'>rc</span> <span class='ocrx_word' id='word_1_48' title='bbox 445 619 570 677; x_wconf 87' lang='lat' dir='ltr'>Pompeio</span> <span class='ocrx_word' id='word_1_49' title='bbox 581 620 689 675; x_wconf 86' lang='lat' dir='ltr'>lecerat,</span> <span class='ocrx_word' id='word_1_50' title='bbox 705 620 804 677; x_wconf 87' lang='lat' dir='ltr'>perisse</span> <span class='ocrx_word' id='word_1_51' title='bbox 814 622 896 667; x_wconf 83' lang='lat' dir='ltr'>Varro</span> 
     </span>
     <span class='ocr_line' id='line_1_8' title="bbox 95 685 896 744; baseline -0.002 -10"><span class='ocrx_word' id='word_1_52' title='bbox 95 686 135 734; x_wconf 82' lang='lat' dir='ltr'>ait</span> <span class='ocrx_word' id='word_1_53' title='bbox 145 686 170 731; x_wconf 89' lang='lat' dir='ltr'>in</span> <span class='ocrx_word' id='word_1_54' title='bbox 181 686 277 741; x_wconf 86' lang='lat' dir='ltr'>literis,</span> <span class='ocrx_word' id='word_1_55' title='bbox 288 699 349 743; x_wconf 91' lang='lat' dir='ltr'>quas</span> <span class='ocrx_word' id='word_1_56' title='bbox 360 687 393 732; x_wconf 90' lang='lat' dir='ltr'>ad</span> <span class='ocrx_word' id='word_1_57' title='bbox 403 685 547 744; x_wconf 74' lang='lat' dir='ltr'>Oppianum</span> <span class='ocrx_word' id='word_1_58' title='bbox 558 685 636 742; x_wconf 86' lang='lat' dir='ltr'>dedit,</span> <span class='ocrx_word' id='word_1_59' title='bbox 646 699 710 742; x_wconf 89' lang='lat' dir='ltr'>quae</span> <span class='ocrx_word' id='word_1_60' title='bbox 721 693 780 732; x_wconf 91' lang='lat' dir='ltr'>sunt</span> <span class='ocrx_word' id='word_1_61' title='bbox 790 687 817 731; x_wconf 89' lang='lat' dir='ltr'>in</span> <span class='ocrx_word' id='word_1_62' title='bbox 827 688 896 733; x_wconf 91' lang='lat' dir='ltr'>llbro</span> 
     </span>
     <span class='ocr_line' id='line_1_9' title="bbox 94 752 896 812; baseline -0.001 -12"><span class='ocrx_word' id='word_1_63' title='bbox 94 752 301 811; x_wconf 68' lang='lat' dir='ltr'>Epistolicarum</span> <span class='ocrx_word' id='word_1_64' title='bbox 321 753 507 807; x_wconf 79' lang='lat' dir='ltr'>Quaestionum</span> <span class='ocrx_word' id='word_1_65' title='bbox 527 755 632 810; x_wconf 85' lang='lat' dir='ltr'>quarto;</span> <span class='ocrx_word' id='word_1_66' title='bbox 652 752 679 798; x_wconf 92' lang='lat' dir='ltr'>in</span> <span class='ocrx_word' id='word_1_67' title='bbox 697 754 787 810; x_wconf 87' lang='lat' dir='ltr'>quibus</span> <span class='ocrx_word' id='word_1_68' title='bbox 801 753 896 812; x_wconf 89' lang='lat' dir='ltr'>literis,</span> 
     </span>
     <span class='ocr_line' id='line_1_10' title="bbox 85 814 897 878; baseline 0.001 -12"><span class='ocrx_word' id='word_1_69' title='bbox 85 814 230 878; x_wconf 79' lang='lat' dir='ltr'>quoniam,</span> <span class='ocrx_word' id='word_1_70' title='bbox 247 834 310 877; x_wconf 88' lang='lat' dir='ltr'>quae</span> <span class='ocrx_word' id='word_1_71' title='bbox 322 822 382 866; x_wconf 86' lang='lat' dir='ltr'>ante</span> <span class='ocrx_word' id='word_1_72' title='bbox 392 819 540 876; x_wconf 81' lang='lat' dir='ltr'>scripserat,</span> <span class='ocrx_word' id='word_1_73' title='bbox 553 832 605 864; x_wconf 89' lang='lat' dir='ltr'>nou</span> <span class='ocrx_word' id='word_1_74' title='bbox 616 822 806 877; x_wconf 76' lang='lat' dir='ltr'>comparebant,</span> <span class='ocrx_word' id='word_1_75' title='bbox 821 821 897 867; x_wconf 88' lang='lat' dir='ltr'>docet</span> 
     </span>
     <span class='ocr_line' id='line_1_11' title="bbox 93 884 897 934; baseline 0 0"><span class='ocrx_word' id='word_1_76' title='bbox 93 899 200 934; x_wconf 85' lang='lat' dir='ltr'>rursum</span> <span class='ocrx_word' id='word_1_77' title='bbox 211 888 292 933; x_wconf 90' lang='lat' dir='ltr'>multa</span> <span class='ocrx_word' id='word_1_78' title='bbox 306 888 338 932; x_wconf 90' lang='lat' dir='ltr'>ad</span> <span class='ocrx_word' id='word_1_79' title='bbox 352 900 408 933; x_wconf 86' lang='lat' dir='ltr'>cam</span> <span class='ocrx_word' id='word_1_80' title='bbox 420 899 473 932; x_wconf 89' lang='lat' dir='ltr'>rem</span> <span class='ocrx_word' id='word_1_81' title='bbox 484 885 663 933; x_wconf 77' lang='lat' dir='ltr'>conducentia</span> <span class='ocrx_word' id='word_1_82' title='bbox 696 888 721 932; x_wconf 81' lang='lat'>4.</span> <span class='ocrx_word' id='word_1_83' title='bbox 739 884 850 933; x_wconf 85' lang='lat' dir='ltr'>Primum</span> <span class='ocrx_word' id='word_1_84' title='bbox 859 886 897 934; x_wconf 91' lang='lat' dir='ltr'>ibi</span> 
     </span>
     <span class='ocr_line' id='line_1_12' title="bbox 59 953 897 1013; baseline 0.001 -14"><span class='ocrx_word' id='word_1_85' title='bbox 59 999 68 1008; x_wconf 75' lang='grc'><strong><em>,</em></strong></span> <span class='ocrx_word' id='word_1_86' title='bbox 95 953 183 1013; x_wconf 90' lang='lat' dir='ltr'>ponit,</span> <span class='ocrx_word' id='word_1_87' title='bbox 203 955 247 1011; x_wconf 91' lang='lat' dir='ltr'>qui</span> <span class='ocrx_word' id='word_1_88' title='bbox 256 954 369 1010; x_wconf 87' lang='lat' dir='ltr'>tuerint,</span> <span class='ocrx_word' id='word_1_89' title='bbox 387 967 433 1013; x_wconf 88' lang='lat' dir='ltr'>per</span> <span class='ocrx_word' id='word_1_90' title='bbox 445 966 591 1009; x_wconf 89' lang='lat' dir='ltr'>quossnore</span> <span class='ocrx_word' id='word_1_91' title='bbox 599 953 724 998; x_wconf 84' lang='lat' dir='ltr'>maiorum</span> <span class='ocrx_word' id='word_1_92' title='bbox 735 957 840 1000; x_wconf 88' lang='lat' dir='ltr'>senatus</span> <span class='ocrx_word' id='word_1_93' title='bbox 850 954 897 1000; x_wconf 84' lang='lat' dir='ltr'>ha-</span> 
     </span>
     <span class='ocr_line' id='line_1_13' title="bbox 96 1019 897 1084; baseline 0.001 -16"><span class='ocrx_word' id='word_1_94' title='bbox 96 1019 156 1068; x_wconf 85' lang='lat' dir='ltr'>beri</span> <span class='ocrx_word' id='word_1_95' title='bbox 175 1021 287 1079; x_wconf 71' lang='lat' dir='ltr'>soleret,</span> <span class='ocrx_word' id='word_1_96' title='bbox 307 1034 403 1078; x_wconf 89' lang='lat' dir='ltr'>eosque</span> <span class='ocrx_word' id='word_1_97' title='bbox 422 1019 554 1068; x_wconf 84' lang='lat' dir='ltr'>nominat·</span> <span class='ocrx_word' id='word_1_98' title='bbox 577 1021 749 1080; x_wconf 73' lang='lat' dir='ltr'>Dictatores,</span> <span class='ocrx_word' id='word_1_99' title='bbox 765 1021 897 1084; x_wconf 74' lang='lat' dir='ltr'>Consules,</span> 
     </span>
     <span class='ocr_line' id='line_1_14' title="bbox 58 1086 898 1149; baseline 0 -16"><span class='ocrx_word' id='word_1_100' title='bbox 58 1127 62 1133; x_wconf 82' lang='lat'><em>.</em></span> <span class='ocrx_word' id='word_1_101' title='bbox 95 1088 251 1149; x_wconf 77' lang='lat' dir='ltr'>Praetores,</span> <span class='ocrx_word' id='word_1_102' title='bbox 264 1089 391 1136; x_wconf 73' lang='lat' dir='ltr'>Traianos</span> <span class='ocrx_word' id='word_1_103' title='bbox 397 1087 479 1147; x_wconf 77' lang='lat' dir='ltr'>pleds,</span> <span class='ocrx_word' id='word_1_104' title='bbox 491 1088 661 1148; x_wconf 74' lang='lat' dir='ltr'>Interregem,</span> <span class='ocrx_word' id='word_1_105' title='bbox 672 1086 840 1148; x_wconf 76' lang='lat' dir='ltr'>Praefectum</span> <span class='ocrx_word' id='word_1_106' title='bbox 850 1102 898 1133; x_wconf 82' lang='lat' dir='ltr'>sr-</span> 
     </span>
     <span class='ocr_line' id='line_1_15' title="bbox 92 1153 898 1213; baseline -0.001 -11.994"><span class='ocrx_word' id='word_1_107' title='bbox 92 1153 141 1201; x_wconf 81' lang='lat' dir='ltr'>dt:</span> <span class='ocrx_word' id='word_1_108' title='bbox 158 1168 241 1213; x_wconf 89' lang='lat' dir='ltr'>neque</span> <span class='ocrx_word' id='word_1_109' title='bbox 251 1154 308 1211; x_wconf 88' lang='lat' dir='ltr'>olii,</span> <span class='ocrx_word' id='word_1_110' title='bbox 318 1159 423 1213; x_wconf 86' lang='lat' dir='ltr'>practer</span> <span class='ocrx_word' id='word_1_111' title='bbox 432 1153 510 1209; x_wconf 87' lang='lat' dir='ltr'>hos,</span> <span class='ocrx_word' id='word_1_112' title='bbox 502 1167 544 1200; x_wconf 78' lang='lat' dir='ltr'>sus</span> <span class='ocrx_word' id='word_1_113' title='bbox 555 1154 637 1201; x_wconf 85' lang='lat' dir='ltr'>luisse</span> <span class='ocrx_word' id='word_1_114' title='bbox 647 1153 715 1201; x_wconf 84' lang='lat' dir='ltr'>dixit</span> <span class='ocrx_word' id='word_1_115' title='bbox 725 1156 811 1200; x_wconf 84' lang='lat' dir='ltr'>lacere</span> <span class='ocrx_word' id='word_1_116' title='bbox 821 1167 898 1200; x_wconf 87' lang='lat' dir='ltr'>seua·</span> 
     </span>
     <span class='ocr_line' id='line_1_16' title="bbox 96 1221 898 1279; baseline 0 -11"><span class='ocrx_word' id='word_1_117' title='bbox 96 1222 301 1279; x_wconf 80' lang='lat' dir='ltr'>tusconsultum3</span> <span class='ocrx_word' id='word_1_118' title='bbox 321 1222 490 1279; x_wconf 88' lang='lat' dir='ltr'>quotiensque</span> <span class='ocrx_word' id='word_1_119' title='bbox 502 1234 550 1267; x_wconf 89' lang='lat' dir='ltr'>usu</span> <span class='ocrx_word' id='word_1_120' title='bbox 564 1221 693 1276; x_wconf 83' lang='lat' dir='ltr'>venisset,</span> <span class='ocrx_word' id='word_1_121' title='bbox 710 1224 741 1268; x_wconf 90' lang='lat' dir='ltr'>ut</span> <span class='ocrx_word' id='word_1_122' title='bbox 754 1231 843 1267; x_wconf 88' lang='lat' dir='ltr'>omnes</span> <span class='ocrx_word' id='word_1_123' title='bbox 853 1221 898 1268; x_wconf 90' lang='lat' dir='ltr'>isti</span> 
     </span>
     <span class='ocr_line' id='line_1_17' title="bbox 95 1287 897 1347; baseline -0.004 -9.996"><span class='ocrx_word' id='word_1_124' title='bbox 95 1287 263 1347; x_wconf 81' lang='lat' dir='ltr'>magistratus</span> <span class='ocrx_word' id='word_1_125' title='bbox 274 1288 363 1335; x_wconf 88' lang='lat' dir='ltr'>eodem</span> <span class='ocrx_word' id='word_1_126' title='bbox 374 1293 489 1347; x_wconf 88' lang='lat' dir='ltr'>tempore</span> <span class='ocrx_word' id='word_1_127' title='bbox 499 1289 596 1336; x_wconf 85' lang='lat' dir='ltr'>Romae</span> <span class='ocrx_word' id='word_1_128' title='bbox 608 1290 707 1347; x_wconf 86' lang='lat' dir='ltr'>essent,</span> <span class='ocrx_word' id='word_1_129' title='bbox 728 1291 842 1346; x_wconf 82' lang='lat' dir='ltr'>tamquo</span> <span class='ocrx_word' id='word_1_130' title='bbox 853 1302 897 1335; x_wconf 91' lang='lat' dir='ltr'>su-</span> 
     </span>
     <span class='ocr_line' id='line_1_18' title="bbox 96 1355 898 1422; baseline 0 -20"><span class='ocrx_word' id='word_1_131' title='bbox 96 1370 145 1416; x_wconf 86' lang='lat' dir='ltr'>pra</span> <span class='ocrx_word' id='word_1_132' title='bbox 154 1355 245 1401; x_wconf 88' lang='lat' dir='ltr'>ordine</span> <span class='ocrx_word' id='word_1_133' title='bbox 256 1355 346 1422; x_wconf 83' lang='lat' dir='ltr'>scripti</span> <span class='ocrx_word' id='word_1_134' title='bbox 357 1358 454 1410; x_wconf 88' lang='lat' dir='ltr'>essent,</span> <span class='ocrx_word' id='word_1_135' title='bbox 469 1355 513 1412; x_wconf 89' lang='lat' dir='ltr'>qui</span> <span class='ocrx_word' id='word_1_136' title='bbox 523 1370 612 1401; x_wconf 88' lang='lat' dir='ltr'>eorum</span> <span class='ocrx_word' id='word_1_137' title='bbox 622 1355 695 1413; x_wconf 90' lang='lat' dir='ltr'>prior</span> <span class='ocrx_word' id='word_1_138' title='bbox 704 1355 764 1401; x_wconf 86' lang='lat' dir='ltr'>aliis</span> <span class='ocrx_word' id='word_1_139' title='bbox 773 1358 852 1417; x_wconf 71' lang='lat' dir='ltr'>esset,</span> <span class='ocrx_word' id='word_1_140' title='bbox 871 1357 898 1402; x_wconf 86' lang='lat' dir='ltr'>ci</span> 
     </span>
     <span class='ocr_line' id='line_1_19' title="bbox 97 1422 898 1483; baseline -0.001 -14"><span class='ocrx_word' id='word_1_141' title='bbox 97 1422 260 1483; x_wconf 84' lang='lat' dir='ltr'>potissimum</span> <span class='ocrx_word' id='word_1_142' title='bbox 269 1425 374 1468; x_wconf 75' lang='lat' dir='ltr'>serratus</span> <span class='ocrx_word' id='word_1_143' title='bbox 385 1422 538 1468; x_wconf 88' lang='lat' dir='ltr'>consulendi</span> <span class='ocrx_word' id='word_1_144' title='bbox 549 1422 589 1467; x_wconf 91' lang='lat' dir='ltr'>ius</span> <span class='ocrx_word' id='word_1_145' title='bbox 601 1423 690 1468; x_wconf 82' lang='lat' dir='ltr'>fuisse.</span> <span class='ocrx_word' id='word_1_146' title='bbox 723 1426 746 1466; x_wconf 79' lang='grc'>5.</span> <span class='ocrx_word' id='word_1_147' title='bbox 764 1422 844 1468; x_wconf 82' lang='lat' dir='ltr'>Addit</span> <span class='ocrx_word' id='word_1_148' title='bbox 854 1423 898 1468; x_wconf 87' lang='lat' dir='ltr'>de-</span> 
     </span>
     <span class='ocr_line' id='line_1_20' title="bbox 98 1483 898 1549; baseline -0.001 -14"><span class='ocrx_word' id='word_1_149' title='bbox 98 1483 174 1544; x_wconf 86' lang='lat' dir='ltr'>inde,</span> <span class='ocrx_word' id='word_1_150' title='bbox 193 1489 404 1548; x_wconf 81' lang='lat' dir='ltr'>extraordinario</span> <span class='ocrx_word' id='word_1_151' title='bbox 424 1489 479 1535; x_wconf 88' lang='lat' dir='ltr'>iure</span> <span class='ocrx_word' id='word_1_152' title='bbox 495 1489 623 1535; x_wconf 77' lang='lat' dir='ltr'>Tribunos</span> <span class='ocrx_word' id='word_1_153' title='bbox 643 1502 743 1546; x_wconf 85' lang='lat' dir='ltr'>quoque</span> <span class='ocrx_word' id='word_1_154' title='bbox 758 1489 898 1549; x_wconf 87' lang='lat' dir='ltr'>militares,</span> 
     </span>
     <span class='ocr_line' id='line_1_21' title="bbox 97 1553 895 1616; baseline 0 -13"><span class='ocrx_word' id='word_1_155' title='bbox 97 1553 143 1616; x_wconf 83' lang='lat' dir='ltr'>qui</span> <span class='ocrx_word' id='word_1_156' title='bbox 157 1570 203 1614; x_wconf 88' lang='lat' dir='ltr'>pro</span> <span class='ocrx_word' id='word_1_157' title='bbox 219 1557 369 1602; x_wconf 81' lang='lat' dir='ltr'>consulibus</span> <span class='ocrx_word' id='word_1_158' title='bbox 384 1556 506 1614; x_wconf 86' lang='lat' dir='ltr'>tuissent,</span> <span class='ocrx_word' id='word_1_159' title='bbox 526 1555 587 1602; x_wconf 90' lang='lat' dir='ltr'>item</span> <span class='ocrx_word' id='word_1_160' title='bbox 601 1556 783 1614; x_wconf 80' lang='lat' dir='ltr'>Decemviros,</span> <span class='ocrx_word' id='word_1_161' title='bbox 803 1557 895 1613; x_wconf 85' lang='lat' dir='ltr'>quibus</span> 
     </span>
     <span class='ocr_line' id='line_1_22' title="bbox 97 1622 897 1682; baseline -0.003 -12"><span class='ocrx_word' id='word_1_162' title='bbox 97 1623 235 1682; x_wconf 89' lang='lat' dir='ltr'>imperium</span> <span class='ocrx_word' id='word_1_163' title='bbox 249 1624 383 1669; x_wconf 84' lang='lat' dir='ltr'>consulare</span> <span class='ocrx_word' id='word_1_164' title='bbox 396 1626 449 1669; x_wconf 88' lang='lat' dir='ltr'>tum</span> <span class='ocrx_word' id='word_1_165' title='bbox 462 1625 550 1675; x_wconf 60' lang='lat' dir='ltr'>esset,</span> <span class='ocrx_word' id='word_1_166' title='bbox 562 1623 623 1668; x_wconf 88' lang='lat' dir='ltr'>item</span> <span class='ocrx_word' id='word_1_167' title='bbox 639 1622 798 1669; x_wconf 82' lang='lat' dir='ltr'>Triumviros</span> <span class='ocrx_word' id='word_1_168' title='bbox 807 1624 897 1681; x_wconf 87' lang='lat' dir='ltr'>reipu-</span> 
     </span>
     <span class='ocr_line' id='line_1_23' title="bbox 97 1689 899 1745; baseline -0.002 -8"><span class='ocrx_word' id='word_1_169' title='bbox 97 1692 183 1737; x_wconf 87' lang='lat' dir='ltr'>blicae</span> <span class='ocrx_word' id='word_1_170' title='bbox 193 1690 389 1738; x_wconf 86' lang='lat' dir='ltr'>constituendae</span> <span class='ocrx_word' id='word_1_171' title='bbox 400 1703 477 1736; x_wconf 87' lang='lat' dir='ltr'>causa</span> <span class='ocrx_word' id='word_1_172' title='bbox 486 1694 597 1745; x_wconf 86' lang='lat' dir='ltr'>creatos,</span> <span class='ocrx_word' id='word_1_173' title='bbox 606 1689 648 1735; x_wconf 89' lang='lat' dir='ltr'>ius</span> <span class='ocrx_word' id='word_1_174' title='bbox 659 1691 811 1736; x_wconf 90' lang='lat' dir='ltr'>consulendi</span> <span class='ocrx_word' id='word_1_175' title='bbox 822 1703 899 1736; x_wconf 84' lang='lat' dir='ltr'>sena·</span> 
     </span>
     <span class='ocr_line' id='line_1_24' title="bbox 97 1753 898 1817; baseline -0.004 -13"><span class='ocrx_word' id='word_1_176' title='bbox 97 1753 154 1804; x_wconf 75' lang='lat' dir='ltr'>&#39;turn</span> <span class='ocrx_word' id='word_1_177' title='bbox 168 1757 298 1804; x_wconf 86' lang='lat' dir='ltr'>habuisse</span> <span class='ocrx_word' id='word_1_178' title='bbox 334 1760 357 1803; x_wconf 83' lang='grc'>6.</span> <span class='ocrx_word' id='word_1_179' title='bbox 374 1758 469 1803; x_wconf 87' lang='lat' dir='ltr'>Postea</span> <span class='ocrx_word' id='word_1_180' title='bbox 488 1756 593 1814; x_wconf 83' lang='lat' dir='ltr'>scripsit</span> <span class='ocrx_word' id='word_1_181' title='bbox 610 1756 641 1803; x_wconf 90' lang='lat' dir='ltr'>de</span> <span class='ocrx_word' id='word_1_182' title='bbox 660 1756 898 1817; x_wconf 87' lang='lat' dir='ltr'>intercessionibus,</span> 
     </span>
     <span class='ocr_line' id='line_1_25' title="bbox 98 1824 899 1882; baseline -0.004 -11"><span class='ocrx_word' id='word_1_183' title='bbox 98 1824 228 1882; x_wconf 85' lang='lat' dir='ltr'>dixitque,</span> <span class='ocrx_word' id='word_1_184' title='bbox 246 1824 435 1881; x_wconf 85' lang='lat' dir='ltr'>intercedendi,</span> <span class='ocrx_word' id='word_1_185' title='bbox 454 1824 843 1882; x_wconf 69' lang='lat' dir='ltr'>neoenatuseonsultumderet‚</span> <span class='ocrx_word' id='word_1_186' title='bbox 857 1824 899 1868; x_wconf 90' lang='lat' dir='ltr'>ius</span> 
     </span>
     <span class='ocr_line' id='line_1_26' title="bbox 99 1890 900 1954; baseline -0.006 -15"><span class='ocrx_word' id='word_1_187' title='bbox 99 1891 211 1939; x_wconf 80' lang='lat' dir='ltr'>tuisse&#39;</span> <span class='ocrx_word' id='word_1_188' title='bbox 193 1904 226 1935; x_wconf 88' lang='lat' dir='ltr'>na</span> <span class='ocrx_word' id='word_1_189' title='bbox 236 1891 310 1948; x_wconf 89' lang='lat' dir='ltr'>solis,</span> <span class='ocrx_word' id='word_1_190' title='bbox 321 1905 365 1948; x_wconf 83' lang='lat' dir='ltr'>qur</span> <span class='ocrx_word' id='word_1_191' title='bbox 356 1890 464 1936; x_wconf 89' lang='lat' dir='ltr'>eadem</span> <span class='ocrx_word' id='word_1_192' title='bbox 473 1892 610 1948; x_wconf 78' lang='lat' dir='ltr'>potestate,</span> <span class='ocrx_word' id='word_1_193' title='bbox 624 1902 675 1946; x_wconf 90' lang='lat' dir='ltr'>qua</span> <span class='ocrx_word' id='word_1_194' title='bbox 678 1890 713 1954; x_wconf 86' lang='lat' dir='ltr'>ii,</span> <span class='ocrx_word' id='word_1_195' title='bbox 728 1890 772 1948; x_wconf 89' lang='lat' dir='ltr'>qui</span> <span class='ocrx_word' id='word_1_196' title='bbox 782 1893 900 1936; x_wconf 75' lang='lat' dir='ltr'>senatos·</span> 
     </span>
     <span class='ocr_line' id='line_1_27' title="bbox 59 1953 901 2013; baseline -0.005 -8"><span class='ocrx_word' id='word_1_197' title='bbox 59 1959 64 1980; x_wconf 57' lang='lat' dir='ltr'>l</span> <span class='ocrx_word' id='word_1_198' title='bbox 98 1953 246 2005; x_wconf 88' lang='lat' dir='ltr'>consultum</span> <span class='ocrx_word' id='word_1_199' title='bbox 257 1959 342 2006; x_wconf 86' lang='lat' dir='ltr'>facere</span> <span class='ocrx_word' id='word_1_200' title='bbox 352 1958 460 2013; x_wconf 85' lang='lat' dir='ltr'>vellent</span> <span class='ocrx_word' id='word_1_201' title='bbox 469 1957 602 2004; x_wconf 76' lang='lat' dir='ltr'>maioreve</span> <span class='ocrx_word' id='word_1_202' title='bbox 612 1960 707 2003; x_wconf 89' lang='lat' dir='ltr'>essent</span> <span class='ocrx_word' id='word_1_203' title='bbox 737 1959 763 2002; x_wconf 79' lang='lat' dir='ltr'>t.</span> <span class='ocrx_word' id='word_1_204' title='bbox 779 1956 901 2001; x_wconf 84' lang='lat' dir='ltr'>Tumad·</span> 
     </span>
    </p>
   </div>
   <div class='ocr_carea' id='block_1_3' title="bbox 99 2007 992 2083">
    <p class='ocr_par' dir='ltr' id='par_1_3' title="bbox 99 2007 992 2083">
     <span class='ocr_line' id='line_1_28' title="bbox 99 2007 992 2083; baseline -0.004 -12"><span class='ocrx_word' id='word_1_205' title='bbox 99 2025 206 2083; x_wconf 87' lang='lat' dir='ltr'>scripsit</span> <span class='ocrx_word' id='word_1_206' title='bbox 219 2024 250 2071; x_wconf 91' lang='lat' dir='ltr'>de</span> <span class='ocrx_word' id='word_1_207' title='bbox 265 2023 373 2081; x_wconf 89' lang='lat' dir='ltr'>locis,</span> <span class='ocrx_word' id='word_1_208' title='bbox 365 2037 392 2069; x_wconf 81' lang='lat' dir='ltr'>sn</span> <span class='ocrx_word' id='word_1_209' title='bbox 407 2024 499 2081; x_wconf 84' lang='lat' dir='ltr'>quihus</span> <span class='ocrx_word' id='word_1_210' title='bbox 513 2007 763 2073; x_wconf 79' lang='lat' dir='ltr'>senatusconsultum</span> <span class='ocrx_word' id='word_1_211' title='bbox 777 2024 850 2069; x_wconf 76' lang='lat' dir='ltr'>fieri</span> <span class='ocrx_word' id='word_1_212' title='bbox 843 2036 900 2068; x_wconf 89' lang='lat' dir='ltr'>mre</span> <span class='ocrx_word' id='word_1_213' title='bbox 991 2013 992 2016; x_wconf 29' lang='lat'>¹</span> 
     </span>
    </p>
   </div>
   <div class='ocr_carea' id='block_1_4' title="bbox 74 2090 905 2618">
    <p class='ocr_par' dir='ltr' id='par_1_4' title="bbox 74 2090 905 2618">
     <span class='ocr_line' id='line_1_29' title="bbox 98 2090 900 2164; baseline -0.006 -25"><span class='ocrx_word' id='word_1_214' title='bbox 98 2095 203 2164; x_wconf 81' lang='lat' dir='ltr'>posset3</span> <span class='ocrx_word' id='word_1_215' title='bbox 225 2090 361 2148; x_wconf 86' lang='lat' dir='ltr'>docuitque</span> <span class='ocrx_word' id='word_1_216' title='bbox 372 2091 592 2147; x_wconf 81' lang='lat' dir='ltr'>confirmavitque,</span> <span class='ocrx_word' id='word_1_217' title='bbox 612 2090 664 2136; x_wconf 89' lang='lat' dir='ltr'>nisi</span> <span class='ocrx_word' id='word_1_218' title='bbox 674 2092 701 2136; x_wconf 92' lang='lat' dir='ltr'>in</span> <span class='ocrx_word' id='word_1_219' title='bbox 709 2091 784 2144; x_wconf 86' lang='lat' dir='ltr'>loco,</span> <span class='ocrx_word' id='word_1_220' title='bbox 797 2103 843 2147; x_wconf 88' lang='lat' dir='ltr'>per</span> <span class='ocrx_word' id='word_1_221' title='bbox 853 2101 900 2134; x_wconf 83' lang='lat' dir='ltr'>aa·</span> 
     </span>
     <span class='ocr_line' id='line_1_30' title="bbox 99 2157 900 2220; baseline -0.008 -13"><span class='ocrx_word' id='word_1_222' title='bbox 99 2173 177 2220; x_wconf 75' lang='lat' dir='ltr'>gures</span> <span class='ocrx_word' id='word_1_223' title='bbox 189 2157 344 2216; x_wconf 88' lang='lat' dir='ltr'>constituto,</span> <span class='ocrx_word' id='word_1_224' title='bbox 364 2158 431 2216; x_wconf 91' lang='lat' dir='ltr'>quod</span> <span class='ocrx_word' id='word_1_225' title='bbox 443 2159 570 2216; x_wconf 82' lang='lat' dir='ltr'>temptam</span> <span class='ocrx_word' id='word_1_226' title='bbox 568 2158 762 2216; x_wconf 84' lang='lat' dir='ltr'>appellaretur,</span> <span class='ocrx_word' id='word_1_227' title='bbox 781 2160 900 2202; x_wconf 83' lang='lat' dir='ltr'>senatus·</span> 
     </span>
     <span class='ocr_line' id='line_1_31' title="bbox 101 2219 900 2282; baseline -0.008 -9"><span class='ocrx_word' id='word_1_228' title='bbox 101 2227 250 2274; x_wconf 89' lang='lat' dir='ltr'>consultum</span> <span class='ocrx_word' id='word_1_229' title='bbox 258 2226 353 2271; x_wconf 81' lang='lat' dir='ltr'>fuctum</span> <span class='ocrx_word' id='word_1_230' title='bbox 365 2226 441 2280; x_wconf 87' lang='lat' dir='ltr'>esset,</span> <span class='ocrx_word' id='word_1_231' title='bbox 451 2225 548 2271; x_wconf 88' lang='lat' dir='ltr'>iustum</span> <span class='ocrx_word' id='word_1_232' title='bbox 557 2225 585 2270; x_wconf 89' lang='lat' dir='ltr'>id</span> <span class='ocrx_word' id='word_1_233' title='bbox 593 2238 654 2271; x_wconf 91' lang='lat' dir='ltr'>nou</span> <span class='ocrx_word' id='word_1_234' title='bbox 651 2224 745 2270; x_wconf 74' lang='lat' dir='ltr'>inissa</span> <span class='ocrx_word' id='word_1_235' title='bbox 777 2219 900 2282; x_wconf 85' lang='lat' dir='ltr'>Propter-</span> 
     </span>
     <span class='ocr_line' id='line_1_32' title="bbox 100 2290 899 2349; baseline -0.009 -8"><span class='ocrx_word' id='word_1_236' title='bbox 100 2308 134 2341; x_wconf 90' lang='lat' dir='ltr'>ea</span> <span class='ocrx_word' id='word_1_237' title='bbox 143 2293 185 2340; x_wconf 85' lang='lat' dir='ltr'>et&#39;</span> <span class='ocrx_word' id='word_1_238' title='bbox 178 2308 205 2338; x_wconf 91' lang='lat' dir='ltr'>m</span> <span class='ocrx_word' id='word_1_239' title='bbox 216 2292 288 2337; x_wconf 84' lang='lat' dir='ltr'>curia</span> <span class='ocrx_word' id='word_1_240' title='bbox 298 2291 426 2347; x_wconf 83' lang='lat' dir='ltr'>Hostilia,</span> <span class='ocrx_word' id='word_1_241' title='bbox 443 2292 487 2338; x_wconf 90' lang='lat' dir='ltr'>et</span> <span class='ocrx_word' id='word_1_242' title='bbox 476 2306 506 2337; x_wconf 81' lang='lat' dir='ltr'>sn</span> <span class='ocrx_word' id='word_1_243' title='bbox 517 2290 658 2348; x_wconf 79' lang='lat' dir='ltr'>Pompeia,</span> <span class='ocrx_word' id='word_1_244' title='bbox 668 2293 695 2336; x_wconf 92' lang='lat' dir='ltr'>et</span> <span class='ocrx_word' id='word_1_245' title='bbox 711 2290 791 2349; x_wconf 88' lang='lat' dir='ltr'>post&#39;</span> <span class='ocrx_word' id='word_1_246' title='bbox 784 2303 811 2336; x_wconf 91' lang='lat' dir='ltr'>m</span> <span class='ocrx_word' id='word_1_247' title='bbox 825 2291 899 2347; x_wconf 75' lang='lat' dir='ltr'>lulis,</span> 
     </span>
     <span class='ocr_line' id='line_1_33' title="bbox 101 2357 899 2419; baseline -0.005 -13"><span class='ocrx_word' id='word_1_248' title='bbox 101 2375 160 2411; x_wconf 79' lang='lat' dir='ltr'>eum</span> <span class='ocrx_word' id='word_1_249' title='bbox 168 2361 279 2419; x_wconf 85' lang='lat' dir='ltr'>protana</span> <span class='ocrx_word' id='word_1_250' title='bbox 288 2371 319 2404; x_wconf 86' lang='lat' dir='ltr'>ea</span> <span class='ocrx_word' id='word_1_251' title='bbox 333 2358 391 2404; x_wconf 88' lang='lat' dir='ltr'>loca</span> <span class='ocrx_word' id='word_1_252' title='bbox 405 2358 529 2417; x_wconf 86' lang='lat' dir='ltr'>fuissent,</span> <span class='ocrx_word' id='word_1_253' title='bbox 547 2357 643 2415; x_wconf 85' lang='lat' dir='ltr'>templa</span> <span class='ocrx_word' id='word_1_254' title='bbox 657 2370 714 2404; x_wconf 89' lang='lat' dir='ltr'>esse</span> <span class='ocrx_word' id='word_1_255' title='bbox 728 2371 774 2416; x_wconf 81' lang='lat' dir='ltr'>per</span> <span class='ocrx_word' id='word_1_256' title='bbox 788 2370 899 2416; x_wconf 72' lang='lat' dir='ltr'>augures</span> 
     </span>
     <span class='ocr_line' id='line_1_34' title="bbox 103 2417 903 2483; baseline -0.009 -7"><span class='ocrx_word' id='word_1_257' title='bbox 103 2428 254 2483; x_wconf 86' lang='lat' dir='ltr'>constituta,</span> <span class='ocrx_word' id='word_1_258' title='bbox 262 2425 308 2472; x_wconf 88' lang='lat' dir='ltr'>ut</span> <span class='ocrx_word' id='word_1_259' title='bbox 301 2438 329 2470; x_wconf 88' lang='lat' dir='ltr'>m</span> <span class='ocrx_word' id='word_1_260' title='bbox 339 2417 372 2470; x_wconf 87' lang='lat' dir='ltr'>iis</span> <span class='ocrx_word' id='word_1_261' title='bbox 383 2425 610 2471; x_wconf 87' lang='lat' dir='ltr'>senatusconsulta</span> <span class='ocrx_word' id='word_1_262' title='bbox 618 2438 690 2470; x_wconf 88' lang='lat' dir='ltr'>more</span> <span class='ocrx_word' id='word_1_263' title='bbox 700 2425 825 2471; x_wconf 88' lang='lat' dir='ltr'>maiorum</span> <span class='ocrx_word' id='word_1_264' title='bbox 833 2425 903 2469; x_wconf 85' lang='lat' dir='ltr'>insta</span> 
     </span>
     <span class='ocr_line' id='line_1_35' title="bbox 74 2490 903 2553; baseline -0.006 -12"><span class='ocrx_word' id='word_1_265' title='bbox 74 2503 79 2514; x_wconf 85' lang='grc'>·</span> <span class='ocrx_word' id='word_1_266' title='bbox 102 2493 161 2543; x_wconf 80' lang='lat' dir='ltr'>fieri</span> <span class='ocrx_word' id='word_1_267' title='bbox 176 2494 290 2553; x_wconf 88' lang='lat' dir='ltr'>possent.</span> <span class='ocrx_word' id='word_1_268' title='bbox 326 2494 398 2537; x_wconf 87' lang='lat' dir='ltr'>lnter</span> <span class='ocrx_word' id='word_1_269' title='bbox 411 2505 476 2549; x_wconf 89' lang='lat' dir='ltr'>quae</span> <span class='ocrx_word' id='word_1_270' title='bbox 489 2491 515 2537; x_wconf 91' lang='lat' dir='ltr'>id</span> <span class='ocrx_word' id='word_1_271' title='bbox 531 2504 632 2550; x_wconf 90' lang='lat' dir='ltr'>quoqne</span> <span class='ocrx_word' id='word_1_272' title='bbox 646 2493 769 2550; x_wconf 87' lang='lat' dir='ltr'>scriptum</span> <span class='ocrx_word' id='word_1_273' title='bbox 785 2490 903 2548; x_wconf 78' lang='lat' dir='ltr'>reltqms:</span> 
     </span>
     <span class='ocr_line' id='line_1_36' title="bbox 103 2558 905 2618; baseline -0.011 -8"><span class='ocrx_word' id='word_1_274' title='bbox 103 2575 159 2610; x_wconf 86' lang='lat' dir='ltr'>non</span> <span class='ocrx_word' id='word_1_275' title='bbox 173 2573 260 2606; x_wconf 88' lang='lat' dir='ltr'>omnes</span> <span class='ocrx_word' id='word_1_276' title='bbox 273 2559 349 2605; x_wconf 84' lang='lat' dir='ltr'>aedes</span> <span class='ocrx_word' id='word_1_277' title='bbox 364 2572 449 2606; x_wconf 84' lang='lat' dir='ltr'>sacres</span> <span class='ocrx_word' id='word_1_278' title='bbox 464 2559 559 2618; x_wconf 90' lang='lat' dir='ltr'>templa</span> <span class='ocrx_word' id='word_1_279' title='bbox 573 2571 643 2612; x_wconf 82' lang='lat' dir='ltr'>esse,</span> <span class='ocrx_word' id='word_1_280' title='bbox 663 2572 693 2605; x_wconf 93' lang='lat' dir='ltr'>ac</span> <span class='ocrx_word' id='word_1_281' title='bbox 702 2573 736 2605; x_wconf 87' lang='lat' dir='ltr'>ne</span> <span class='ocrx_word' id='word_1_282' title='bbox 746 2559 835 2605; x_wconf 89' lang='lat' dir='ltr'>aedem</span> <span class='ocrx_word' id='word_1_283' title='bbox 846 2558 905 2614; x_wconf 82' lang='lat' dir='ltr'>qui-</span> 
     </span>
    </p>
   </div>
   <div class='ocr_carea' id='block_1_5' title="bbox 1 2624 904 2694">
    <p class='ocr_par' dir='ltr' id='par_1_5' title="bbox 1 2624 904 2694">
     <span class='ocr_line' id='line_1_37' title="bbox 1 2624 904 2694; baseline -0.009 -18"><span class='ocrx_word' id='word_1_284' title='bbox 1 2671 3 2694; x_wconf 62' lang='lat'>,</span> <span class='ocrx_word' id='word_1_285' title='bbox 86 2639 89 2643; x_wconf 82' lang='lat'>&#39;</span> <span class='ocrx_word' id='word_1_286' title='bbox 103 2630 162 2675; x_wconf 85' lang='lat' dir='ltr'>dem</span> <span class='ocrx_word' id='word_1_287' title='bbox 171 2630 266 2676; x_wconf 85' lang='lat' dir='ltr'>Vestae</span> <span class='ocrx_word' id='word_1_288' title='bbox 275 2626 400 2684; x_wconf 88' lang='lat' dir='ltr'>templum</span> <span class='ocrx_word' id='word_1_289' title='bbox 410 2639 475 2673; x_wconf 85' lang='lat' dir='ltr'>esse.</span> <span class='ocrx_word' id='word_1_290' title='bbox 511 2629 536 2671; x_wconf 90' lang='lat'>8.</span> <span class='ocrx_word' id='word_1_291' title='bbox 553 2626 616 2671; x_wconf 84' lang='lat' dir='ltr'>Post</span> <span class='ocrx_word' id='word_1_292' title='bbox 626 2625 688 2672; x_wconf 80' lang='lat' dir='ltr'>haec</span> <span class='ocrx_word' id='word_1_293' title='bbox 697 2627 819 2684; x_wconf 78' lang='lat' dir='ltr'>deinceps</span> <span class='ocrx_word' id='word_1_294' title='bbox 831 2624 904 2682; x_wconf 86' lang='lat' dir='ltr'>dicit,</span> 
     </span>
    </p>
   </div>
   <div class='ocr_carea' id='block_1_6' title="bbox 106 2691 903 2753">
    <p class='ocr_par' dir='ltr' id='par_1_6' title="bbox 106 2691 903 2753">
     <span class='ocr_line' id='line_1_38' title="bbox 106 2691 903 2753; baseline -0.011 -9"><span class='ocrx_word' id='word_1_295' title='bbox 106 2693 358 2745; x_wconf 88' lang='lat' dir='ltr'>senatusconsultum</span> <span class='ocrx_word' id='word_1_296' title='bbox 367 2696 427 2742; x_wconf 81' lang='lat' dir='ltr'>ante</span> <span class='ocrx_word' id='word_1_297' title='bbox 438 2697 559 2742; x_wconf 80' lang='lat' dir='ltr'>exortum</span> <span class='ocrx_word' id='word_1_298' title='bbox 568 2695 613 2740; x_wconf 81' lang='lat' dir='ltr'>aut</span> <span class='ocrx_word' id='word_1_299' title='bbox 623 2697 682 2753; x_wconf 89' lang='lat' dir='ltr'>post</span> <span class='ocrx_word' id='word_1_300' title='bbox 688 2707 812 2742; x_wconf 73' lang='lat' dir='ltr'>omasum</span> <span class='ocrx_word' id='word_1_301' title='bbox 821 2691 903 2738; x_wconf 85' lang='lat' dir='ltr'>solem</span> 
     </span>
    </p>
   </div>
   <div class='ocr_carea' id='block_1_7' title="bbox 0 0 1050 3034">
    <p class='ocr_par' dir='ltr' id='par_1_7' title="bbox 0 0 1050 3034">
     <span class='ocr_line' id='line_1_39' title="bbox 0 0 1050 3034; baseline 0 0"><span class='ocrx_word' id='word_1_302' title='bbox 0 0 1050 3034; x_wconf 95' lang='lat' dir='ltr'> </span> 
     </span>
    </p>
   </div>
  </div>
 </body>
</html>
