2067 3034
136 105 188 160 titi
390 108 496 155 sunt
532 105 692 153 GELLll

136 225 164 274 vi
175 239 203 272 se
213 225 363 284 argumento
374 224 414 271 uti
423 225 525 284 putant,
536 238 592 270 oum
600 223 638 269 ita
648 223 749 272 dicunt:
759 222 790 271 Si
799 226 870 272 esset
878 239 938 285 pro-

107 298 110 303 '
136 292 268 348 videntia,
285 292 360 340 nulla
380 292 557 348 eseentmala.
593 290 665 336 Nihil
679 291 748 336 enim
764 292 849 340 minus
866 293 939 340 aiunt

127 358 317 421 ⁴providentioe
328 372 487 417 congruere,
502 372 577 417 quam
587 357 615 404 in
625 371 656 412 oo
667 359 775 416 mundo,
795 373 870 416 quem
878 374 939 418 pro-

137 432 196 487 pter
204 425 322 473 homines
333 425 426 472 fecisse
437 425 550 483 dicotur,
567 427 665 471 tantam
675 424 727 470 vim
737 439 795 472 esse
805 439 940 475 aerurnna-

135 507 195 542 rum
214 492 393 548 etmalorum.
429 495 452 538 2.
471 493 602 538 Adversus
616 505 647 538 oa
662 491 819 550 Chrysippus
839 506 896 541 oum
913 494 941 540 in

136 562 206 609 libro
213 558 280 623 Περὶ
289 559 412 621 προνοίας
423 562 514 618 quarto
524 558 677 605 dissereret:
699 559 774 605 Niliii
784 565 824 607 est
829 575 940 620 prorsus

138 631 204 690 istis,
214 627 308 685 inquit,
322 627 475 683 insubidius,
490 628 536 687 qui
543 629 686 685 opinantur
696 626 765 686 bonu
775 641 831 674 esee
837 631 940 688 poinit-

136 709 179 757 se,
198 699 287 742 sinon
300 700 386 742 essent
396 696 490 741 ibidem
503 696 583 740 mala.
621 696 644 740 3.
662 694 731 740 Noni
740 709 797 741 euru
806 696 875 741 bonu
883 710 941 744 mu-

136 763 317 810 discontraria
327 765 393 817 sint,
407 769 522 821 utruque
530 774 661 809 necessum
671 767 724 818 esi,
739 766 862 821 opposita
872 764 941 809 inter

137 825 218 892 se[se]
229 836 256 875 et
264 832 341 889 puori
348 834 436 875 mutuo
451 829 564 875 adverso
575 829 774 889 quaequefuita
783 831 864 885 niun,
875 844 939 878 eon·

136 901 243 947 sistere:
261 896 358 944 nulium
373 898 439 943 odeo
454 898 619 944 contrarium
633 903 674 942 est
687 898 741 942 sine
751 899 886 952 contrario
897 900 939 944 ai·

138 969 206 1028 iero.
244 965 270 1011 4.
293 963 349 1020 Quo
365 965 430 1018 enim
441 970 524 1024 puoto
538 964 657 1010 iustitiae
672 976 761 1012 sensus
776 972 939 1026 anteponet,

136 1034 188 1082 nisi
202 1037 288 1078 essent
302 1025 434 1076 iniuriae!
454 1031 591 1091 ,Autquid
599 1031 675 1076 atiud
682 1031 787 1086 iustitio
796 1037 846 1090 est,
861 1047 940 1093 quarn

137 1102 283 1147 iniustitiae
290 1092 432 1157 privatio?
467 1099 535 1156 Quid
544 1099 606 1152 item
609 1098 744 1159 fortitudo
755 1099 870 1159 intelligi
874 1113 939 1159 pos-

136 1172 187 1222 εει,
197 1166 250 1226 nisi
258 1179 294 1213 ex
303 1167 424 1230 ignaviae
435 1161 615 1224 oppositione?
635 1166 705 1222 Quid
713 1167 941 1223 continentio,nisi

136 1247 173 1282 en
182 1228 421 1292 intemperantiae?
443 1233 498 1289 Quo
507 1235 568 1278 item
577 1234 649 1278 modo
659 1233 802 1291 prudentia
812 1241 888 1294 esset,
898 1235 939 1280 ni·

137 1304 163 1353 si
162 1301 243 1363 foret
253 1304 346 1346 eontra
356 1296 548 1358 imprudentia?
582 1303 606 1346 5.
622 1299 745 1356 Proinde,
755 1300 848 1358 inquit,
856 1300 939 1354 bonsi-

136 1381 182 1415 nes
192 1368 268 1413 stulti
275 1380 323 1414 cur
332 1381 381 1412 non
390 1365 438 1412 boo
448 1369 528 1412 etium
536 1367 694 1424 desiderunt,
704 1374 735 1415 ut
742 1370 844 1415 veritos
853 1371 896 1424 sit,
912 1374 941 1415 et

136 1449 189 1483 non
198 1436 235 1481 sit
243 1429 420 1481 menducium?
454 1433 572 1494 Namque
583 1434 668 1480 itidem
677 1441 735 1482 suni
746 1436 812 1484 bona
822 1437 937 1497 etmulti,
1018 1480 1022 1487 ,

137 1501 289 1560 felicitas'et
297 1501 477 1564 infortunitas,
487 1502 563 1548 dolor
572 1507 598 1547 et
607 1502 741 1561 voluptas.
777 1504 801 1548 6.
819 1502 939 1550 Alterura

137 1571 204 1617 enini
213 1582 248 1616 en·
258 1569 345 1615 altero
350 1599 359 1625 ,
378 1569 454 1616 sicuti
462 1567 541 1615 Plato
552 1571 600 1628 uit,
615 1570 754 1616 verticibus
764 1570 868 1617 interae
877 1584 939 1617 oon·

137 1638 233 1686 trariis
243 1636 382 1695 deligatum
392 1642 444 1692 eot;
453 1637 480 1682 si
489 1637 582 1682 tuleris
592 1650 676 1695 unum,
688 1636 829 1683 abstulerit
839 1644 940 1683 utrum·
974 1693 979 1698 θ

136 1717 194 1766 pue.
229 1705 254 1750 'i.
272 1703 342 1749 idem
353 1701 511 1762 Chrysippus
525 1702 553 1748 in
566 1702 657 1748 eodem
670 1703 737 1750 libro
750 1705 843 1751 tractat
853 1704 941 1751 consi·

137 1771 271 1829 duratque,
288 1770 443 1830 dignumque
454 1784 511 1817 esso
522 1769 549 1815 id
559 1769 649 1827 quaeri
659 1773 740 1829 putat,
757 1767 780 1815 si
791 1770 818 1816 oi
828 1770 880 1817 τῶν
890 1764 941 1818 ἇν-

136 1830 255 1900 θρῶπων
265 1830 339 1883 νόσοι
348 1831 413 1883 aoid
423 1829 498 1898 φύσιν
507 1836 634 1898 yirorsot·
647 1835 731 1897 idest,
743 1839 869 1886 naturane
879 1839 940 1897 ipsa

135 1918 223 1954 rerum
235 1905 279 1952 vel
293 1903 473 1965 providentio,
494 1917 560 1962 quae
576 1917 723 1962 compagem
737 1903 803 1950 hane
813 1905 902 1952 mundi
912 1909 939 1952 et

136 1986 218 2033 genus
231 1971 365 2018 hominum
379 1971 453 2032 iecit,
469 1972 573 2017 morbos
594 1983 696 2028 quoque
710 1974 735 2017 ot
749 1970 897 2020 debilitates
913 1975 940 2019 ot

137 2038 312 2098 aegritudines
323 2051 466 2099 corponrm,
482 2051 544 2096 quas
555 2037 688 2096 patiuntur
696 2038 822 2099 homines,
834 2039 938 2086 fecerit.

136 2109 162 2154 8.
180 2106 322 2153 Existimat
338 2108 423 2151 sutem
439 2117 494 2151 non
508 2104 590 2151 fuisse
603 2104 652 2151 hoc
668 2104 811 2163 principale
828 2109 939 2154 naturae

137 2173 287 2232 eonsilium,
306 2175 335 2219 ut
351 2174 448 2219 iaceret
460 2171 579 2219 homines
593 2172 689 2219 morbis
704 2173 847 2220 obnoxios:
871 2187 941 2220 nun-

136 2253 218 2298 quam.
228 2240 297 2285 enim
308 2241 358 2286 hoo
371 2239 525 2286 convenisse
539 2241 648 2285 naturae
664 2238 766 2285 auctori
786 2240 940 2298 parentique

134 2319 222 2353 rerum
232 2306 345 2352 omnium
354 2308 489 2354 bonarum.
524 2310 548 2354 9.
564 2307 618 2354 Sed
625 2320 681 2352 cuni
692 2307 782 2365 mulin,
792 2307 884 2365 inquit,
895 2316 941 2355 ot·

136 2384 186 2434 pne
201 2379 298 2432 magna
307 2373 424 2432 gigneret
430 2381 592 2434 pareretque
602 2375 742 2432 aptissimo
752 2378 780 2419 et
788 2375 939 2437 utilissime,

136 2438 195 2486 ntia
204 2452 303 2499 quoque
313 2440 390 2488 simui
397 2447 498 2503 agnato
506 2447 569 2489 sunt
575 2443 735 2488 inconmodo
744 2443 778 2489 iit
786 2443 859 2501 sissia,
870 2456 941 2503 quae

131 2504 266 2567 faciebat,
277 2504 459 2553 cohaerentia:
480 2521 562 2568 eoque
569 2522 621 2554 non
628 2522 679 2567 per
687 2515 820 2566 naturam,
835 2512 941 2570 sedper

137 2570 254 2631 sequelae
264 2571 391 2633 quasdam
402 2574 657 2637 necessariassucto
668 2576 739 2636 dicit,
745 2577 811 2636 quod
820 2579 876 2637 ipse
885 2592 941 2639 op-

134 2638 222 2698 peliot
231 2629 297 2703 nord
308 2632 549 2704 παρακολούθησιν.
565 2642 606 2688 lo.
619 2640 701 2706 Sicut,
710 2643 804 2706 inquit,
813 2660 869 2698 omn
879 2659 941 2693 cor-
