2067 3034
356 132 427 179 ΜΒ.
448 130 496 180 XI.
532 130 614 179 CAP.
632 136 657 187 i,
860 128 913 186 2317

108 250 232 298 delictum
244 249 360 296 videtur:
379 250 425 296 sed
437 250 574 296 molestius
593 251 712 309 equidem
730 251 911 310 culpatiusque

105 331 165 366 eoae
181 317 309 374 arbitror,
330 319 408 363 verba
421 330 504 377 novo,
524 318 667 379 incognita,
686 319 803 364 inaudita
813 320 910 379 dicere,

105 400 183 444 quam
192 385 327 443 invulgata
337 386 363 429 et
373 385 516 430 sordentia.
542 387 575 429 02.
595 386 670 430 Nora
683 389 769 431 autem
777 384 862 432 videri
872 386 912 434 di·

107 467 139 498 co
151 452 229 498 etiam
240 465 285 509 co,
305 465 369 508 quae
381 456 441 498 suut
451 451 577 497 inusitata
591 456 617 497 et
628 452 724 513 desita,
743 453 846 514 tametri
858 454 912 514 nint

106 521 219 565 uetusta.
255 522 279 565 3.
298 519 347 563 Est
360 519 425 564 adeo
443 519 470 565 id
487 518 578 565 vitium
591 520 742 577 plerumque
759 532 832 566 uerae
851 534 912 572 eru·
974 543 978 551 ·

107 586 231 647 ditionis,
250 598 326 643 quam
342 586 432 632 Graeci
449 579 603 647 ὀψιμαθίαν
617 586 764 645 appellant,
783 590 824 648 ut,
843 587 913 645 quod

105 660 239 709 uunquam
252 652 387 711 didiceris,
408 652 452 699 diu
463 652 641 711 ignoraveris,
660 661 719 699 cum
733 652 761 698 iu
776 654 844 700 sciro
861 654 913 716 uli-

106 720 209 777 qucndo
221 717 347 777 coeperis,
355 720 441 777 magui
449 721 531 766 facias
541 733 590 776 quo
601 720 630 767 in
638 720 698 768 loco
707 733 806 782 cunque
814 724 840 767 et
848 734 914 779 qua-

108 800 208 844 cunque
219 786 247 832 in
257 800 285 832 re
297 785 392 831 dicere.
420 786 509 832 Veluti
520 787 626 843 Romae,
636 787 711 833 nobis
721 789 914 846 praesentium,

106 857 184 899 votur
204 854 399 910 celebratusque
417 853 493 899 homo
514 853 542 899 in
557 844 656 916 cauria,
676 855 722 901 red
736 856 873 913 repentino
886 857 914 916 et

108 921 183 978 quari
192 920 362 966 tumultuaria
372 921 490 967 doctrina
499 921 633 978 praeditus
642 952 649 980 ,
665 935 723 968 cum
732 922 799 979 apud
809 923 914 980 proete-

107 990 177 1033 ctum
186 987 258 1034 urbis
271 987 346 1033 verba
357 988 462 1048 taceret,
473 990 500 1032 et
509 988 595 1034 dicere
605 989 694 1046 veliet,
701 989 775 1046 inopi
785 990 913 1045 quendam

106 1054 255 1112 miseroque
272 1053 340 1099 victu
356 1054 445 1101 virere
457 1057 482 1100 et
493 1055 637 1102 furfureum
650 1069 741 1113 panem
750 1055 856 1121 esitare,
871 1056 914 1102 vi-

106 1135 219 1178 numque
231 1125 346 1166 eructum
356 1123 383 1166 et
394 1121 517 1167 foetidum
528 1124 631 1179 potare:
649 1124 712 1178 Hic,
726 1121 820 1180 iuquit,
835 1136 914 1183 eques

107 1190 241 1236 Romanor
257 1189 382 1256 apludam
396 1190 462 1244 edit,
482 1188 602 1251 etflocea
617 1191 689 1236 otoo.
729 1192 753 1233 4.
776 1190 913 1248 Adspexc-

107 1258 172 1302 runt
181 1269 282 1310 omnes,
301 1254 344 1313 qui
355 1257 476 1311 adorant,
497 1256 564 1301 aliua
575 1257 668 1313 alium,
688 1256 770 1315 primo
781 1256 913 1303 tristiores

107 1325 212 1369 turbato
223 1325 249 1368 ct
257 1322 405 1380 requirente
414 1324 496 1383 vultu,
503 1323 623 1381 quidnam
633 1324 699 1370 iilud
709 1324 845 1383 utriunque
854 1338 914 1370 ver-

106 1389 135 1436 bi
147 1392 228 1448 foret3
248 1392 308 1448 post
322 1390 428 1445 deinde,
445 1392 519 1447 quasi
531 1390 619 1437 nescio
630 1390 691 1449 quid
700 1392 782 1437 Tusce
794 1393 839 1437 aut
850 1392 913 1437 Gai-

107 1456 161 1503 lice
173 1457 296 1513 dixisset,
311 1456 428 1504 universi
438 1458 559 1504 riserunt.
595 1461 619 1503 5.
636 1459 748 1515 Legerat
759 1458 912 1515 nutamine,

109 1523 234 1583 apludam
254 1527 356 1571 veteres
375 1524 486 1570 rusticor
505 1525 628 1571 frumenti
648 1526 772 1571 furfurem
797 1525 912 1581 dixieoe;

108 1592 187 1649 idque
197 1603 213 1636 o
221 1592 313 1637 Plauto
326 1590 353 1636 in
363 1592 505 1646 comoedia,
516 1592 537 1637 oi
549 1607 579 1638 ca
588 1592 676 1638 Plauti
686 1595 732 1646 eut,
746 1605 811 1650 quae
821 1593 921 1638 Antru-

109 1660 142 1708 ba
153 1658 277 1717 inscripta
287 1662 334 1715 est,
352 1658 466 1717 positum
477 1657 543 1705 eaa‘c.
578 1662 602 1704 6.
621 1662 686 1705 Item
693 1658 778 1720 florea
792 1659 913 1706 audierat

108 1726 197 1785 prisca
207 1740 270 1772 voce
281 1725 425 1784 significare
435 1726 490 1772 viui
500 1728 597 1773 faecem
606 1740 619 1772 e
629 1726 742 1788 vinaceis
752 1739 911 1785 expressam,

109 1793 188 1839 sicuti
204 1795 287 1839 fraces
302 1807 335 1839 ex
349 1793 430 1840 olcis:
458 1793 535 1850 idque
550 1793 617 1851 apud
631 1794 774 1854 Caecilium
788 1794 816 1839 in
830 1793 911 1839 Polu-

106 1860 192 1907 menis
203 1860 317 1919 legerat,
333 1874 413 1918 eaque
425 1860 474 1906 eibi
485 1861 536 1906 duo
547 1862 624 1906 verba
634 1860 666 1906 ad
677 1861 823 1905 orationum
834 1873 912 1906 orna-

106 1932 194 1974 meuta
204 1930 360 1974 servaverat.
393 1930 418 1973 7.
436 1928 510 1974 Alter
521 1941 628 1986 quoque,
637 1942 653 1973 a
662 1927 818 1974 lectionibus
829 1926 855 1971 id
865 1940 912 1985 ge·

107 1993 158 2041 n'us
169 1994 257 2051 paucio
267 1988 446 2058 ἀπειρόκαλος,
458 2009 512 2041 cum
524 1993 687 2040 adversarius
699 2007 801 2039 caucam
812 1993 911 2039 differri

108 2056 267 2121 postularet:
285 2064 365 2123 Rogo,
376 2071 504 2122 praetor,
523 2062 621 2122 inquit,
640 2062 753 2116 subveni,
774 2074 913 2119 succurre:

108 2143 220 2189 quomam
229 2144 307 2191 aeque
317 2144 363 2176 nor
378 2132 551 2175 bovinator
564 2131 606 2174 laic
620 2125 792 2174 demoratur?
825 2130 910 2184 Atque

107 2197 136 2244 iu
146 2210 208 2243 voce
219 2211 312 2257 magna
321 2199 361 2243 ter
374 2200 513 2255 quaterque
530 2196 692 2256 inclamavit,
711 2198 850 2242 bovinator
862 2202 910 2241 eat.

107 2268 132 2311 8.
152 2263 381 2311 Commurmuratio
392 2257 551 2321 fieri'coepta
561 2268 601 2309 cat
611 2262 781 2322 colerisque,
796 2262 838 2319 qui
850 2263 910 2308 adc-

107 2335 180 2388 rant,
200 2333 273 2390 quasi
293 2337 434 2378 monstrum
450 2331 524 2376 verbi
537 2331 730 2376 admirantibus.
765 2335 788 2376 9.
807 2330 910 2390 Atiiie,

108 2399 209 2445 iactans
219 2403 245 2445 et
254 2400 382 2459 gestiens:
400 2400 459 2446 Non
468 2396 535 2444 ent‘m
544 2397 680 2461 Lucilium,
690 2397 784 2457 iuquit,
801 2400 910 2458 legistis,

108 2469 155 2530 que·
163 2471 389 2526 tergiversatorem
405 2467 583 2512 bucinatorem
596 2467 667 2512 dicit.
708 2468 748 2511 10.
767 2466 814 2524 Eut
824 2469 911 2512 autem

108 2535 136 2580 in
148 2534 243 2580 Lucilii
257 2534 391 2580 undecimo
404 2545 505 2580 versun:

145 2603 195 2649 Hic
207 2605 341 2664 strigosus,
355 2604 540 2663 bovinatorque
550 2614 595 2649 oro
606 2601 738 2660 improbar
748 2600 822 2647 duro.
