2067 3034
170 143 222 198 45⁰
420 140 531 192 Aba!
565 143 727 193 annm

169 265 251 323 lione,
265 276 297 310 eo
308 276 409 321 quoque
418 263 489 308 metu
499 261 659 309 coercendos
670 276 727 309 esse
736 262 858 310 homines
867 264 985 326 putave-

168 334 241 381 runt:
260 344 343 387 neque
354 330 420 388 cius,
435 328 479 388 qui
488 330 629 375 membrum
638 329 716 376 alteri
725 331 855 391 rupisset,
871 335 899 378 et
910 332 984 389 paci·

168 400 207 447 sci
222 402 309 446 tamen
322 397 353 443 de
367 396 466 443 talione
476 395 626 442 redimenda
634 397 733 454 nollet,
753 400 854 443 tantam
865 412 930 444 esse
939 397 983 443 ba·

103 463 106 472 '
167 467 277 514 bendam
286 465 416 511 rationem
425 463 546 510 arbitrati
556 467 630 523 sunt,
649 467 690 522 ut,
711 478 743 509 an
753 466 871 523 prudens
881 466 982 524 impru-

169 534 264 582 densve
275 532 402 590 rupisset,
422 532 587 589 spectandum
598 533 734 589 putarent;
755 534 801 578 aut
810 533 948 579 talionem
956 532 979 577 is

169 613 201 647 eo
214 600 256 647 vel
265 599 298 645 ad
308 599 430 643 amussim
440 597 652 656 aequipararent,
672 599 716 645 vel
725 596 754 644 in
764 598 852 645 librili
867 612 979 658 perpen-

169 668 272 715 derent:
290 666 336 712 scd
349 665 436 723 potius
448 665 560 711 eundem
575 665 700 726 animuin,
721 666 887 724 eundemque
899 667 979 723 impe·

169 740 225 781 tum
243 732 271 779 in
289 733 379 778 eadem
395 735 470 790 parte
488 732 608 789 corporis
622 733 773 791 rumpendi,
792 735 979 780 non'eunden

169 813 271 860 quoque
282 812 368 845 casnm
378 800 449 857 exigi
459 799 609 858 voluerunt,
621 799 743 857 quoniam
752 800 845 846 modus
855 802 979 847 volunta

168 867 206 915 tis
218 866 347 927 praestari
360 869 459 925 posset,
479 879 554 912 casus
564 865 630 912 ictus
640 880 695 913 non
705 871 803 925 posset.
841 870 885 914 35.
907 867 979 923 Quod

170 935 194 982 sl
203 935 241 982 ita
251 937 304 989 est,
322 936 353 979 ut
363 933 434 994 dico,
455 935 482 979 et
496 936 523 979 ut
533 932 587 992 ipse
598 935 737 991 aequitatis
747 933 856 981 babitus
873 935 980 981 demon·

170 1005 249 1062 strat3
259 1001 374 1048 taliones
383 1001 449 1047 illae
457 1004 520 1047 tuae
528 1003 677 1059 reciprocae
688 1001 836 1060 argutiores
849 1004 979 1060 profecto,

171 1083 248 1130 quarn
256 1070 375 1116 tenores
385 1069 499 1115 fuerunt.
532 1070 571 1114 36.
590 1069 772 1127 sedquoniam
783 1070 911 1115 acerbum
922 1082 980 1128 quo·

172 1151 223 1198 que
233 1149 289 1184 esse
300 1136 350 1181 hoc
360 1148 442 1193 genus
452 1148 553 1192 poenae
562 1137 651 1194 putas:
670 1149 744 1194 quae,
761 1136 873 1182 obsecro
883 1139 923 1198 te,
935 1138 980 1183 ista

173 1203 300 1253 acerbiter
310 1204 357 1263 est,
366 1202 391 1246 si
402 1201 469 1246 idem
480 1203 523 1248 flat
532 1203 558 1247 in
568 1205 602 1259 te,
617 1203 686 1260 quod
696 1206 753 1249 tute
764 1201 791 1248 in
802 1202 859 1249 alio
871 1205 980 1251 feceris!

173 1270 328 1331 praesertim
347 1281 405 1315 cum
419 1269 513 1314 habeas
534 1270 687 1316 facultatem
703 1270 869 1330 paciscendi3
890 1275 919 1318 et
934 1283 980 1317 uon

170 1351 279 1387 necesse
291 1337 325 1384 sit
335 1335 389 1394 pati
399 1336 534 1394 talionem,
544 1336 597 1383 nisi
608 1351 664 1383 cani
673 1340 701 1384 tu
711 1337 834 1396 elegeris.
855 1340 899 1385 37.
907 1337 980 1394 Quod

172 1406 283 1454 edictum
298 1406 382 1450 autem
398 1403 556 1462 praetorium
571 1404 602 1450 dc
612 1404 779 1451 aestimandis
794 1404 906 1452 iniuriis
922 1420 979 1465 pro-

171 1473 286 1520 babilius
300 1485 359 1533 esse¹
372 1471 413 1516 nis
424 1473 525 1529 potest?
560 1472 630 1518 Nolo
640 1472 690 1518 hoc
699 1472 819 1530 ignores,
838 1472 910 1519 hane
920 1487 978 1533 quo·

172 1554 223 1598 que
236 1540 319 1600 ipsam
334 1539 458 1584 talionem
473 1539 506 1584 ad
516 1538 722 1585 aestimationem
732 1538 827 1584 iudicis
835 1540 928 1599 redigi
937 1555 977 1587 uc-

171 1610 287 1655 oessario
298 1606 411 1652 solitam.
447 1607 487 1653 38.
502 1607 568 1653 Nam
579 1606 602 1651 si
610 1619 680 1669 rcus,
691 1605 736 1665 qui
746 1604 878 1664 depacisci
888 1609 978 1655 nolue-

171 1675 222 1734 rat,
233 1673 311 1719 iudici
323 1673 448 1719 talionem
457 1673 595 1732 imperanti
605 1687 658 1719 non
667 1675 782 1733 parebat,
793 1674 937 1724 aestimata
945 1675 977 1721 n.

171 1745 198 1788 te
208 1740 290 1788 iudex
299 1740 427 1786 bominem
438 1740 567 1797 pecuniae
576 1741 726 1798 damnabat3
747 1742 824 1797 atque
834 1740 884 1802 ita,
901 1744 925 1790 si
935 1756 981 1790 rea

172 1811 199 1855 et
208 1808 296 1868 pactio
307 1807 403 1867 gravis,
415 1810 441 1853 et
447 1808 542 1862 acerba
552 1808 617 1853 talio
628 1807 789 1865 visafuerat,
800 1810 934 1857 severitas
943 1811 977 1856 le-

171 1874 213 1934 gis
223 1876 256 1922 ad
265 1875 389 1933 pecuniae
399 1875 519 1921 mulctam
528 1874 638 1921 redibat.
658 1877 700 1921 39.
711 1875 810 1932 Restat,
824 1879 856 1921 ut
866 1878 901 1934 ei,
913 1878 977 1936 quod

173 1945 204 1991 de
220 1943 335 1989 sectione
351 1942 543 2001 partitioneque
558 1942 677 2000 corporis
691 1942 910 1991 inmanissimum
925 1959 976 1991 esse

171 2010 221 2058 tibi
231 2011 314 2056 visum
324 2014 372 2068 est,
386 2009 566 2067 respondeam.
603 2009 725 2056 Omnibus
737 2009 841 2068 qnidam
852 2011 977 2059 virtutum

170 2077 310 2138 ¹generibus
329 2077 484 2123 exercendis
502 2075 668 2134 colendisque
686 2077 799 2136 populus
812 2077 976 2127 Romanuse

171 2159 253 2205 parva
262 2143 364 2204 origiue
374 2144 407 2189 ad
417 2148 505 2191 tantae
515 2143 694 2201 amplitudinis
704 2144 787 2189 instar
796 2144 918 2206 emicuit3
935 2146 974 2194 sed

172 2212 286 2260 omniurn
295 2211 408 2258 maxime
418 2215 493 2269 atque
502 2211 641 2270 praecipue
651 2213 727 2258 tidem
736 2211 832 2271 coluit,
848 2217 975 2261 sanctam·

171 2293 220 2336 que
229 2278 318 2325 habuit
327 2281 378 2324 mm
387 2279 518 2339 privatim,
529 2292 604 2335 quam
613 2278 725 2336 publice.
761 2281 803 2324 40.
823 2279 869 2326 Sic
883 2294 975 2328 consu·

171 2346 212 2392 les
230 2345 390 2393 clarissimos
401 2347 473 2392 viros
485 2345 603 2392 hostibus
618 2345 807 2392 confirmandae
819 2346 881 2392 fidei
890 2348 975 2406 publi·

170 2424 215 2457 eae
231 2424 310 2457 causa
319 2412 399 2459 dedit.
434 2413 479 2459 Sic
493 2412 615 2458 clientem
624 2412 652 2458 in
661 2413 737 2458 tidem
746 2416 882 2472 acceptum
893 2415 975 2461 cario·

169 2489 226 2522 rem
234 2477 337 2538 haberi,
356 2492 431 2535 quam
441 2481 616 2538 propinquos,
636 2481 808 2537 tuendumque
817 2494 876 2526 esse
887 2486 975 2529 contra

171 2545 296 2599 cognatos
307 2546 416 2591 censuit.
446 2548 536 2605 Neque
550 2547 624 2604 peius
633 2547 718 2594 ullum
729 2548 828 2593 facinus
839 2550 975 2595 existima·

169 2610 224 2652 tum
234 2610 282 2666 est,
293 2623 368 2667 quam
378 2611 401 2656 si
412 2612 453 2658 eui
463 2616 626 2671 probaretur,
632 2613 753 2660 clientem
763 2614 862 2660 divisui
871 2615 976 2663 habuis·

169 2686 208 2720 se.
242 2675 284 2718 41.
302 2675 375 2721 lianc
386 2682 472 2726 autem
486 2680 561 2727 fidem
571 2679 685 2727 maiores
698 2681 785 2727 nostri
797 2693 853 2728 non
862 2684 943 2730 modo
952 2684 977 2729 in
