2067 3034
308 103 495 157 nra.xrrt-.
531 107 688 170 can-,ra
844 102 897 156 aba

87 224 236 287 quaeritur,
247 224 305 284 quis
316 224 406 283 tuerit,
416 221 531 283 ignoras,
551 224 732 273 auditiuncula
740 227 826 274 tamen
836 240 899 286 qua·

91 296 151 343 llam
164 294 199 341 de
213 292 320 340 Catonis
334 290 435 339 lamilia
449 304 570 349 aspersus
585 305 621 337 es.
657 296 683 347 6.
701 296 761 341 Non
773 308 841 342 unus
851 309 899 342 au·

92 366 155 423 tem,
169 361 215 407 sed
225 360 371 418 complures
383 361 420 405 M.
430 358 503 405 illius
514 354 644 421 [Catonis]
660 362 781 407 Censorii
790 365 899 421 nepotes

82 430 212 488 suerunt,
227 427 310 487 geniti
325 440 378 473 non
389 426 479 473 eodem
488 428 576 486 patre,
604 429 629 473 ’1.
645 427 713 486 Ἰιὶιιοε
723 428 791 475 enirn
800 431 837 477 M.
847 429 896 476 ille

91 499 169 552 cato,
183 495 228 554 qni
239 497 266 543 et
276 497 365 543 orator
374 496 400 540 et
410 506 501 541 censor
510 493 574 551 tuit,
592 495 661 542 filios
670 495 761 542 habuit
771 498 797 542 et
806 497 896 543 matri-

90 566 140 619 bus
151 562 284 622 diversos,
304 564 331 607 et
339 561 465 608 aetatibus
474 561 553 619 longe
565 560 691 621 dispares.
726 566 751 608 8.
767 563 896 611 Narniam

91 629 258 679 adolescente
269 630 459 689 altero„1natrc
470 627 528 675 eius
538 629 644 693 amissa,
663 630 831 694 ipsequoquc
844 631 895 677 iam

90 698 203 745 multum
212 710 302 758 senex,
313 696 416 744 Saluuii
427 695 531 742 clientis
543 697 584 741 sui
594 698 673 743 tiliam
684 697 809 755 virginem
819 697 896 745 (luxit

89 765 121 813 in
129 764 327 822 matrimonium,
338 777 370 810 ex
381 776 431 822 qua
439 766 517 809 natus
531 765 570 809 cst
580 764 716 812 eiM.cato
723 764 894 812 Salonianus:

89 832 141 880 hoc
151 832 221 879 enim
231 833 273 878 illi
283 832 479 891 cognomentum
488 829 540 877 fuit
554 831 696 889 asnonio,
712 835 785 891 patre
795 833 895 895 matris,

90 899 186 947 datum.
206 898 388 958 aurnum
400 900 485 944 autem
496 898 602 944 Catonis
613 899 676 959 tilio,
683 900 728 956 qui
737 904 841 960 praetor
850 897 895 948 ie-

80 966 208 1025 ·signatus
218 968 292 1029 patre
302 965 363 1011 viro
373 968 489 1011 mortuus
499 969 549 1020 est,
565 968 592 1012 et
601 966 719 1025 egregios
729 968 768 1013 lle
778 968 844 1014 iuris
854 966 894 1014 di-

90 1033 204 1092 sciplina
212 1034 295 1082 libros
304 1033 424 1090 reliquit,
441 1032 559 1078 nascitur
573 1032 627 1091 hic,
651 1034 681 1080 cle
691 1046 742 1091 quo
753 1036 894 1093 quaeritur,

81 1102 128 1148 M.
137 1102 210 1159 Cato,
219 1103 256 1147 M.
268 1101 346 1162 lilius,
356 1102 392 1146 M.
403 1113 494 1158 nepos.
523 1102 562 1145 lt).
576 1102 602 1146 Is
612 1100 677 1147 satis
686 1101 824 1149 vehemens
834 1113 894 1148 ora·

88 1167 209 1227 tensuit,
226 1168 372 1225 multasque
387 1168 521 1214 orationes
531 1168 562 1214 ad
573 1168 718 1227 exemplum
729 1168 772 1215 avi
782 1168 893 1227 scriptas

88 1234 212 1293 reliquit,
229 1237 256 1282 et
269 1235 362 1282 consul
376 1248 432 1281 cum
448 1235 480 1288 Q.
491 1235 591 1281 Marcio
602 1236 672 1295 Rege
688 1236 750 1284 tuit:
768 1237 846 1296 inque
861 1249 893 1283 eo

89 1303 231 1350 consulatu
245 1302 272 1348 in
281 1302 396 1349 Africam
405 1303 549 1361 protectus,
563 1302 592 1348 in
601 1317 632 1349 ea
642 1304 895 1361 provinciamortem

90 1370 168 1417 obiit.
204 1372 245 1417 ll.
264 1370 316 1416 Sed
326 1369 349 1416 is
359 1382 413 1415 non
423 1370 469 1429 ita,
484 1371 513 1414 ut
523 1369 625 1431 dixisti,
639 1373 676 1417 M.
689 1371 805 1428 Catonis,
817 1384 894 1430 prae-

89 1437 156 1485 torii
166 1436 225 1495 viri,
239 1437 321 1496 qulse
330 1435 420 1484 Uticae
430 1436 533 1494 occidit,
544 1438 654 1493 atquem
667 1438 759 1485 Cicero
767 1438 895 1495 laudavit,

88 1506 166 1565 pater
174 1504 238 1552 fuit:
255 1518 312 1564 nec,
323 1503 383 1562 quia
393 1504 435 1550 hic
445 1517 527 1562 nepos
538 1505 643 1551 Catonis
654 1504 776 1564 censorii,
787 1506 835 1552 ille
845 1519 892 1557 au-

80 1576 144 1621 tem
151 1586 284 1633 pronepos
295 1571 351 1628 tuit,
361 1574 504 1630 propterea
509 1585 642 1619 necessum
652 1575 699 1632 eat,
715 1576 814 1632 patrem
823 1572 893 1622 hunc

90 1640 117 1688 ei
128 1640 224 1698 luisse3
254 1642 295 1687 12.
305 1638 348 1686 hic
359 1640 428 1685 enim
438 1652 533 1699 nepos,
548 1639 620 1686 cuius
629 1639 693 1687 haec
701 1642 778 1687 modo
789 1641 893 1700 prolata

90 1708 178 1756 oratio
189 1708 245 1768 cst,
254 1707 336 1754 filium
346 1707 447 1765 quidem
460 1706 584 1753 maiorem
595 1708 719 1755 Catonem
727 1708 828 1754 habuit:
846 1708 893 1758 secl

78 1789 225 1831 moneam,
243 1775 287 1833 qni
297 1774 385 1821 Uticae
395 1773 486 1833 periit3
507 1774 553 1821 sed
561 1774 613 1833 qui,
627 1789 684 1822 cum
694 1774 785 1823 aedilis
796 1775 893 1824 curulis

91 1845 121 1892 ct
133 1843 239 1903 praetor
251 1842 355 1897 fuisset,
373 1842 402 1888 in
418 1841 532 1887 Galliam
544 1843 738 1889 Narbonensem
751 1845 893 1901 profectus,

88 1910 129 1958 ibi
139 1910 195 1957 vita
205 1911 310 1958 iunctus
321 1910 369 1956 est.
405 1911 445 1955 13.
464 1909 508 1956 Ex
518 1909 604 1956 altero.
619 1914 705 1955 autem
714 1910 784 1973 uiro,
796 1912 893 1957 Censo-
904 1947 906 1952 ,

78 1977 126 2026 sii
140 1977 203 2035 filio,
221 1976 300 2037 longe
313 1979 376 2023 natu
389 1976 499 2036 minore,
520 1990 596 2036 quem
605 1977 773 2023 Salonianum
782 1990 839 2025 esse
848 1991 895 2036 ap-

89 2045 219 2105 pellatum
229 2045 295 2103 dixi,
307 2044 357 2091 dno
368 2044 423 2090 nati
433 2041 501 2099 sunt,
511 2043 540 2089 1..
553 2045 616 2090 Cato
628 2048 654 2090 et
662 2046 697 2091 M.
709 2046 782 2091 Cato.
809 2046 849 2091 lt.
867 2047 893 2093 ls

88 2114 129 2160 Μ.
144 2114 208 2159 Cato
223 2112 343 2159 tribunus
357 2110 441 2170 plebis
452 2111 513 2168 luit,
534 2114 560 2157 et
569 2115 716 2168 praeturam
725 2115 815 2170 petens
824 2125 894 2158 mor·

52 2201 55 2204 ·
89 2183 143 2227 tem
153 2179 231 2234 obiit:
250 2192 284 2226 ex
295 2192 378 2235 eoque
390 2180 467 2224 natus
477 2179 518 2225 est
527 2180 633 2224 M.Cato
644 2180 799 2240 praetorius,
810 2179 854 2237 qui
864 2194 892 2227 se

89 2247 163 2295 bello
179 2246 253 2294 cirili
266 2246 356 2292 Uticae
371 2244 515 2301 interemit,
535 2245 565 2292 de
576 2246 647 2293 cuius
660 2246 714 2292 vita
723 2247 893 2304 laudibusque

91 2329 150 2361 eum
158 2317 195 2361 M.
206 2313 311 2361 Tullius
322 2312 456 2368 scriberet,
470 2316 640 2371 pronepotem
649 2328 707 2362 eum
718 2313 823 2360 Catonis
834 2328 893 2361 cen-

78 2382 157 2444 .sorii
168 2382 238 2429 dixit
247 2380 336 2428 fuisse.
372 2380 412 2426 15.
430 2379 532 2425 Videtis
544 2380 622 2438 igitur
632 2381 697 2427 lianc
710 2385 809 2440 partem
819 2382 895 2429 faml-

89 2448 153 2508 liae,
165 2463 229 2507 quac
239 2462 273 2497 ex
282 2447 382 2493 minore
395 2445 500 2493 Catonis
513 2447 567 2493 filio
578 2448 715 2507 progenita
725 2452 772 2507 est,
787 2462 840 2496 nou
851 2462 894 2496 so-

89 2517 145 2564 lum
160 2516 263 2575 generis
282 2514 364 2573 ipsius
383 2514 544 2575 tramitibus,
569 2517 614 2564 secl
632 2519 776 2575 temporum
794 2530 894 2575 quoque

15 2597 20 2603 ·
91 2583 176 2642 spatio
188 2583 303 2641 ditferrc;
314 2596 377 2629 nam
387 2582 446 2640 quia
457 2581 504 2628 ille
515 2582 673 2631 Salonianus
686 2584 713 2630 in
722 2587 838 2631 extrema
847 2595 893 2641 pa-

81 2701 83 2706 ,
93 2652 143 2700 tris
154 2653 245 2715 aetate,
255 2650 334 2698 sicuti
344 2650 410 2710 tiri,
420 2652 497 2698 natus
508 2650 566 2708 fuit,
577 2652 698 2712 prognati
708 2665 809 2714 quoque
819 2663 854 2699 cx
864 2663 895 2697 eo

487 2859 508 2890 '0
