2067 3034
156 56 211 150 ssa
260 88 267 98 ’
409 96 518 146 nuni
554 95 742 150 ernost*

157 220 200 264 2⁰.
219 217 286 264 Tum
295 216 360 263 Sex.
370 213 511 271 caecilius,
525 214 663 272 amplexus
673 218 784 273 utraque
793 228 880 262 nana
890 215 980 264 Faro-

157 284 257 331 riunm:
277 285 317 330 'l'u
328 296 366 342 es,
381 281 480 340 inquit,
496 293 563 327 unus
573 284 691 339 protecto
702 282 729 327 in
739 285 838 329 nostra
847 284 981 330 memoris

157 363 211 401 nou
230 351 325 399 Graiae
344 350 437 406 modo,
462 348 509 395 sed
527 351 554 393 et
572 349 704 395 Romanae
719 349 761 396 rei
782 350 978 408 peritissimos

159 419 225 474 Quis
245 418 313 466 enim
331 415 546 475 pbilosophorum
564 414 718 473 disciplinae
737 430 803 466 suae
825 418 908 475 leges
930 421 978 463 tus

158 486 223 534 scite
234 488 310 542 atque
321 484 396 531 docte
407 484 493 541 callet,
508 494 584 540 quam
593 483 666 541 leges
676 486 705 529 tu
714 487 822 529 nostras
833 485 976 531 Decemvi-

157 554 228 602 rales
239 550 418 613 percalloistil
453 552 495 597 21.
514 549 579 606 Sed,
597 563 695 607 quaeso
705 552 806 608 tecum,
829 555 927 598 tamen
942 553 976 597 di-

158 620 277 681 greuiare
291 618 453 677 paulispere
469 615 607 663 curriculis
620 617 680 663 istis
698 616 918 675 disputationum
936 634 975 665 ve-

158 692 269 735 strarum
280 684 449 746 Academicis,
459 684 608 742 omissoque
618 684 715 740 studio,
726 684 856 743 quidquid
866 686 974 732 libitum

158 758 212 813 est,
232 752 359 812 arguendi
374 751 526 809 tuendique,
546 751 697 798 consideres
711 751 836 812 gravius,
857 754 973 801 cuimodi

157 822 212 868 siut
228 834 272 882 ea,
293 833 360 878 quae
373 818 571 877 reprehendisti.
608 821 649 865 22.
668 820 723 866 Nee
737 818 799 865 ideo
813 823 973 867 contemnes

156 889 242 947 legum
252 888 360 935 ntorum
369 886 547 944 antiquitates,
557 885 625 944 quod
636 886 768 945 plerisque
780 887 849 946 ipsis
860 887 919 936 iam
929 903 972 947 po·

155 956 238 1015 pulos
246 956 374 1002 Romanus
384 954 424 1000 uti
434 953 568 999 desiverit.
600 954 663 1000 Non
673 954 742 1000 enim
756 957 883 1011 protecto
897 956 971 1014 igno·

156 1036 210 1081 ras,
216 1024 302 1081 legum
312 1022 518 1080 opportunitates
529 1025 555 1067 et
564 1019 740 1079 medelas,pro
751 1024 905 1080 temporum
917 1037 971 1069 soo-

155 1090 229 1137 ribus
239 1087 322 1148 et‘pro
333 1088 587 1146 rerumpublicarum
598 1088 744 1145 generibus,
761 1101 792 1136 ae
802 1103 853 1147 pro
864 1092 970 1138 utilita-

146 1162 210 1205 tum
227 1155 401 1215 praesentium
419 1154 578 1212 rationibus,
598 1168 698 1213 proque
717 1155 853 1218 vitiorum,
873 1160 969 1217 quibus

156 1224 308 1272 medendum
325 1224 379 1280 est,
400 1222 546 1268 fervoribus
564 1223 658 1268 mutari
674 1226 751 1282 atque
765 1224 855 1271 denti:
884 1240 969 1284 neque

156 1306 210 1339 uno
220 1293 289 1336 statu
299 1290 457 1344 consistere,
470 1288 546 1348 quin,
565 1291 595 1335 ut
605 1289 686 1337 taeies
697 1290 766 1336 coeli
775 1295 803 1337 et
812 1294 914 1352 maris,
934 1295 968 1339 its

156 1372 243 1406 rerum
252 1360 329 1415 atque
341 1359 462 1403 fortunae
472 1355 666 1414 tempestatibus
676 1358 819 1404 varientur.
838 1363 883 1407 2&
898 1361 967 1415 Quid

158 1425 287 1472 salubrius
301 1426 385 1471 visum
400 1427 440 1470 est
453 1423 592 1482 rogatione
607 1423 655 1470 illa
665 1424 784 1471 Stolonis
801 1425 928 1485 iugerum
938 1428 966 1474 de

158 1506 267 1539 numero
281 1492 434 1551 praebuitot
461 1491 524 1548 qnid
536 1490 628 1537 utilius
641 1491 782 1549 plebiscito
790 1494 919 1542 ,Voconio
937 1497 966 1542 de

158 1561 310 1607 coercendis
323 1560 462 1606 mulierum
474 1558 679 1606 hereditatibust
706 1560 767 1617 quid
778 1563 832 1606 tam
843 1576 965 1611 necessa-

157 1627 225 1674 rium
244 1626 420 1673 existimatum
444 1628 486 1672 est
503 1625 696 1684 propulsandae
715 1626 810 1675 nivium
828 1629 964 1686 luxoriae,

157 1708 232 1752 quam
245 1694 291 1740 lex
306 1693 421 1749 Licinia,
444 1697 470 1739 et
479 1693 587 1750 Fannia,
607 1694 728 1751 aliaeque
738 1693 801 1743 item
810 1696 886 1755 leges
898 1711 965 1744 sum·

157 1760 278 1810 tussiael
313 1760 406 1807 Omnia
419 1764 506 1807 tamen
517 1760 582 1807 haee
594 1760 737 1808 obliterata
750 1765 777 1810 et
789 1768 886 1822 operta
906 1769 965 1812 sunt

158 1825 437 1889 ciuitatisopnlentia,
457 1827 530 1887 quasi
544 1828 696 1886 quibusdam
709 1829 828 1877 ductibus
839 1838 965 1879 exaestu-

157 1898 235 1943 antis.
254 1899 294 1943 24.
305 1897 355 1943 Sed
367 1910 413 1942 cur
422 1896 471 1943 tibi
481 1909 539 1943 esse
548 1896 605 1942 visa
615 1898 656 1942 est
663 1896 803 1943 inbomsna
811 1898 870 1958 lex,
881 1900 965 1946 omni·

156 1978 200 2011 um
209 1978 266 2011 mea
275 1963 376 2023 quidem
386 1963 517 2010 sententia
527 1962 724 2022 humanissima,
745 1978 810 2024 quae
820 1966 965 2014 iumentum

157 2031 214 2079 dari
224 2032 294 2078 iubet
304 2044 382 2090 πετο
392 2033 438 2077 aut
447 2030 504 2077 seni
514 2030 542 2075 in
553 2030 593 2077 ius
603 2033 711 2077 voeatot
745 2034 787 2078 25.
805 2032 894 2081 Verba
905 2039 965 2082 sunt

155 2098 221 2146 haec
235 2099 266 2145 de
280 2100 351 2157 lege:
379 2099 473 2145 SllN
491 2098 554 2144 lUS
571 2098 719 2145 VOGAT:
747 2099 962 2149 SIMORBUS

154 2166 333 2213 AEVITAS
355 2165 403 2211 VE
425 2166 574 2212 VlTlUM
594 2165 722 2225 Escsr,
750 2168 819 2219 QUI
837 2170 880 2215 ΙΝ
898 2171 963 2216 lUS

154 2234 345 2292 vocum,
372 2232 590 2279 IUMENTUM
609 2233 729 2291 DA'l'Oe
758 2235 794 2280 Sl
815 2236 962 2293 NOLET,

154 2301 347 2347 ARCERAM
373 2300 424 2347 NE
451 2298 667 2348 STERNITO.
717 2304 758 2347 26.
783 2302 824 2347 An
842 2306 873 2348 tn
892 2305 961 2351 torte

154 2368 271 2413 morbum
285 2367 413 2425 appellari
428 2366 471 2414 bie
483 2370 560 2425 putas
570 2368 777 2425 aegrotationem
788 2382 894 2426 gravem
906 2385 962 2419 eum

155 2432 223 2477 febri
239 2432 330 2489 rapida
344 2435 370 2479 et
384 2447 521 2493 quereera,
540 2433 734 2493 iumentumque
752 2435 803 2481 diei
817 2450 897 2495 pecus
913 2439 961 2484 ali-

155 2496 223 2553 quod
237 2498 341 2543 unicum
354 2501 428 2557 tergo
443 2501 568 2548 vellensi>
591 2514 622 2547 ae
632 2505 770 2561 propterea
781 2503 869 2549 minus
880 2505 960 2552 fuisso

153 2562 289 2607 humanum
301 2564 445 2623 existimas,
456 2571 600 2626 aegrotum,
611 2569 680 2614 domi
692 2583 755 2615 snae
764 2571 910 2627 cubantem,
922 2573 959 2619 iu·

155 2629 243 2673 mento
260 2627 409 2686 impositum
423 2632 452 2679 in
466 2633 507 2680 lus
521 2634 596 2693 rapit
630 2637 673 2683 21.
692 2637 758 2699 line,
776 2636 813 2683 mi
824 2637 960 2688 Favorins
