2067 3034
332 122 626 187 ennecus.
712 82 715 93 ¹
824 120 879 178 lta

11 296 12 301 ,
76 243 100 293 si
120 244 166 290 aut
186 240 293 301 cognitu
310 255 363 288 non
378 240 465 300 utilia,
482 242 530 286 aut
542 244 664 300 perceptu
679 240 806 304 difficilia3
824 259 878 297 nou

11 313 12 367 ]
75 311 145 358 euim
161 311 269 356 lecimus
284 310 351 356 altos
366 309 444 354 nimis
454 310 480 354 et
489 311 615 355 obscuros
626 308 652 354 in
663 309 703 356 his
711 313 789 357 rebus
800 325 878 369 quae.

11 370 12 382 ¹
74 378 188 425 stionum
200 377 284 424 sinus:
304 375 347 423 sed
361 375 488 434 primitias
498 376 619 432 quasdam
634 379 660 422 et
671 377 743 434 quasi
753 377 878 425 libamen-

11 484 13 513 .
74 450 103 492 ta
118 444 292 504 'ingenuarum
311 444 405 489 artium
425 442 554 488 dedimus:
578 455 644 501 quae
663 443 745 489 virum
766 445 880 493 civiliter

11 518 13 576 J
75 512 207 560 eruditum
216 523 300 568 neque
310 511 413 556 audisse
421 523 533 567 uuquam
543 523 626 567 neque
639 508 772 568 attigisse,
792 511 816 557 si
826 525 880 558 non

11 632 12 635 Ἴ
75 579 178 638 inutile,
195 579 223 623 at
233 578 335 636 quidem
346 580 415 623 certe
426 577 577 623 indecorum
585 579 634 623 est.
672 578 711 622 11.
730 576 879 637 11111111-

75 652 133 706 tur,
153 645 232 692 sicui
248 647 316 691 forte
331 656 517 701 nonuunquam
531 646 632 702 tempus
646 644 816 704 voluptasque
828 644 879 692 erit

74 712 315 759 lucubratiunculas
325 711 389 757 istas
398 723 569 777 cognoscere,
586 710 693 769 petitum
703 711 879 770 impetratum-

75 793 126 838 que
138 779 271 837 uolumus,
290 778 356 841 utin
364 777 486 836 legendo,
506 791 571 834 quoe
579 777 680 836 pridem
690 778 807 838 scierint,
826 793 880 826 non

75 849 248 904 aspernentur
256 845 329 903 qnasi
339 848 402 890 nota
411 844 607 902 inculpataque:
634 845 674 889 15.
693 841 767 907 (nam
778 850 804 892 et
818 840 879 905 quid

75 921 130 960 tam
142 916 269 959 remotum
283 911 311 957 in
324 911 410 958 literis
426 914 479 970 est,
498 911 562 968 quin
576 911 602 956 id
611 913 699 957 tamen
709 913 880 971 complusculi

76 981 177 1028 sciant?
194 982 220 1026 et
229 978 295 1025 satis
302 979 352 1024 hoc
361 978 483 1025 blandum
493 980 541 1037 est,
555 991 608 1024 non
618 991 675 1024 esse
684 978 748 1026 haec
758 993 840 1038 neque
850 981 879 1027 in

76 1048 175 1094 scholis
187 1047 420 1103 decantata‚neque
430 1046 459 1092 in
469 1044 660 1092 commentariis
669 1046 782 1104 protrita
788 1043 809 1111 :)
838 1049 878 1093 16.

75 1128 142 1172 quae
152 1128 229 1173 porro
238 1126 308 1160 nova
318 1113 368 1160 sibi
377 1114 516 1172 ignotoque
528 1111 692 1168 offenderint,
705 1125 813 1172 aequum
822 1127 879 1160 esse

75 1186 152 1242 puto,
174 1186 203 1228 ut
218 1181 274 1227 sine
284 1193 356 1227 vano
367 1182 513 1229 obtrectatu
524 1180 702 1238 considerent,
720 1195 754 1228 an
764 1180 878 1227 minutae

75 1248 145 1295 istae
159 1248 351 1294 admonitiones
364 1248 532 1306 pauxillulae
546 1260 704 1306 nequaqnam
720 1251 806 1294 tamen
826 1248 878 1295 siut

75 1316 120 1362 vel
132 1315 164 1360 ad
174 1314 293 1361 alendum
303 1315 539 1372 studiumimeptae,
549 1316 592 1375 vel
602 1314 633 1360 ad
644 1315 824 1362 oblectandum
837 1317 878 1362 io·

75 1382 236 1439 ventumque
246 1381 358 1426 animum
367 1380 490 1438 frigidae:
510 1380 557 1426 sei
570 1382 628 1427 eius
644 1382 749 1428 seminis
760 1382 877 1440 generis-

76 1462 126 1507 que
136 1448 200 1507 sint,
220 1460 255 1494 ex
265 1460 316 1505 quo
325 1446 403 1492 facile
414 1448 568 1492 adolescant
577 1451 623 1494 aut
631 1447 737 1507 ingenia
747 1448 878 1495 hominum

76 1516 223 1574 vegetiora,
239 1518 286 1561 aut
295 1514 421 1559 memmio
430 1513 653 1574 adminiculatior,
674 1516 813 1563 autoratio
823 1517 878 1562 sol·

76 1582 234 1637 lectionem
245 1594 329 1628 sermo
338 1582 524 1640 incorruptior,
539 1584 584 1627 me
591 1582 764 1629 delectantior
774 1583 801 1628 in
812 1583 876 1639 otio,

76 1653 153 1708 atque
164 1648 191 1695 iu
201 1650 263 1695 ludo
274 1648 419 1694 liberalior.
457 1651 497 1695 17.
517 1649 592 1701 Quae
603 1653 691 1695 autem
700 1662 788 1709 parum
798 1651 877 1708 plana

76 1717 239 1774 videbuntur,
258 1714 394 1763 autminus
403 1715 674 1773 plenainstnuctoque,
694 1717 816 1776 petimus,
834 1716 876 1762 iu·

75 1797 160 1842 quam,
175 1786 246 1830 ntea
254 1796 308 1829 non
318 1783 426 1829 docendi
436 1783 518 1842 magis
527 1796 620 1841 ‚qaam
631 1783 782 1830 admonendi
792 1782 877 1841 gratia

75 1851 173 1909 scripta
182 1849 345 1899 existiment:
354 1854 382 1895 et
391 1850 464 1907 quasi
474 1850 875 1908 demonstrationevestigiorum

74 1918 192 1964 contenti
199 1919 385 1977 persequantur
392 1930 428 1963 eu
438 1921 505 1975 post,
512 1917 535 1962 si
545 1916 644 1970 libebit,
652 1917 693 1964 vel
703 1916 778 1963 libris
787 1928 876 1973 reper-

75 1986 110 2032 tis
120 1986 163 2032 vel
173 1986 314 2045 magistris.
329 1985 445 2038 liltluae
455 1997 517 2031 vero
529 1983 681 2041 putaverint
686 1984 877 2043 reprehenden-

76 2053 173 2111 (la,bis,
180 2052 203 2098 ai
213 2053 351 2110 audebunt,
357 2054 533 2107 succenseant,
539 2046 611 2097 unle'
617 2063 648 2098 ea
656 2065 708 2098 nos
717 2051 876 2109 accepimus;

75 2120 121 2167 sed
131 2120 208 2177 enim,
216 2132 280 2179 quae
291 2118 368 2165 aliter
378 2118 445 2176 apud
455 2119 535 2165 alium
546 2119 642 2178 scripta
650 2119 814 2178 tegminum
824 2117 876 2165 iam

75 2187 162 2237 statim
176 2190 271 2233 temere
286 2187 447 2243 obstrepant:
463 2187 513 2232 »seu
525 2189 555 2232 et
564 2186 682 2233 rationes
697 2187 873 2232 1111111111-

75 2253 207 2300 ctoritates
218 2253 349 2300 bominum
358 2253 495 2309 pensitent,
510 2253 636 2315 quesibi,
649 2265 764 2311 quosque
774 2264 822 2299 nos
833 2264 875 2298 ss·

75 2320 128 2368 cuti
138 2334 233 2367 sumus.
268 2322 309 2366 lu.
326 2317 386 2364 Erit
396 2322 481 2367 autem
491 2319 518 2382 iil
527 2321 607 2379 lange
618 2321 753 2380 optimum,
773 2319 811 2376 ut,
830 2319 875 2375 qui

75 2388 103 2434 in
113 2388 265 2446 lectitando,
281 2385 428 2447 scribendo,
444 2389 648 2447 commentando,
657 2400 788 2444 uunquam
799 2385 875 2431 volu-

76 2456 167 2513 ptates,
181 2468 310 2512 nunquam
318 2453 421 2500 labores
436 2457 572 2516 ceperunt,
587 2455 673 2501 nullas
683 2455 732 2500 hoc
742 2465 822 2512 genus
832 2451 875 2497 vi·

76 2520 152 2578 gilius
166 2521 322 2580 vigilarunt,
342 2532 424 2577 neque
437 2520 502 2566 ullis
517 2522 587 2568 inter
601 2522 717 2568 eiusdem
726 2521 815 2566 Musae
830 2532 875 2565 ae-

76 2587 161 2633 mulos
179 2587 365 2636 certationibus
387 2587 668 2648 disceptationibusque
687 2586 874 2646 percontando,

78 2653 219 2719 scribendo,
229 2653 329 2703 elimati
339 2657 407 2716 sunt,
417 2654 465 2703 sed
474 2654 685 2716 intemperiarum
694 2655 875 2713 negotiorum-
