2067 3034
420 61 427 88 χ
512 49 516 56 .

158 155 196 207 94
412 150 518 197 AUL'I
555 146 714 198 Gubul!

416 262 605 316 CAPUT
640 260 706 313 XV.

187 338 288 385 Ecstars
297 335 321 380 in
330 333 410 382 literis,
419 344 503 387 perque
513 330 630 373 buccinum
640 326 762 371 catuserias
772 325 890 377 nuditum,
905 328 966 383 pseud

215 399 308 450 repente
318 389 396 435 maltis
405 393 502 429 mortem
512 385 595 427 attulit
604 384 717 438 guertium
725 382 804 437 ingens
813 382 964 440 imperatum,

216 451 341 494 interclusa
359 443 440 488 anima
454 448 478 484 et
495 441 543 483 viru
560 439 642 495 magni
658 439 756 496 novique
773 444 850 499 mutus
862 450 909 480 non
926 452 963 480 sa·

195 510 349 622 laicam&
364 559 472 618 repente
487 556 618 614 insperato
634 554 729 614 gaudio
744 554 892 611 exspirasse
906 552 964 599 ani-

159 649 227 683 mam
240 633 321 678 refert
330 626 487 675 Aristoteles
501 623 672 682 philosophus
683 621 840 679 Polycritam
848 620 963 667 nobilem

161 701 282 750 feminam
291 699 368 743 Naxo
379 694 474 739 insula.
510 692 534 734 2.
552 689 713 747 Philippides
724 701 840 745 quoque,
859 701 964 733 comoe-

160 771 260 816 diarum
274 765 353 824 poEta
367 761 438 808 haud·
448 757 587 818 ignobilis,
607 758 690 801 aetate
706 756 755 800 iam
765 755 849 810 edita,
869 768 926 800 cum
936 754 963 799 in

160 834 299 883 certamine
308 831 442 889 positarum
451 826 555 885 praeter
566 837 636 882 spem
648 822 766 878 vicisset,
785 825 812 867 et
820 821 964 868 laetissime

159 903 292 962 gauderet,
307 898 375 943 luter
385 894 452 939 illud
461 891 581 951 gaudium
592 892 697 949 repente
706 891 823 935 mortuus
833 890 881 935 est.
896 888 964 933 3.l)e

123 982 132 996 ·
158 968 260 1017 Rhodio
272 966 349 1012 etiam
363 962 477 1019 Diagora
488 959 617 1005 celebrata
627 956 736 1002 historia
747 958 794 1001 est.
830 955 964 1013 lsDiago-

158 1051 202 1086 ras
210 1039 263 1083 tres
272 1033 339 1079 lilios
351 1028 529 1075 adolescentes
539 1025 636 1083 hahuit,
641 1038 719 1069 unum
725 1023 847 1081 pugilem,
854 1024 966 1068 alterum

159 1101 363 1164 pancratiasten,
382 1095 489 1141 tertium
503 1093 671 1138 luctatorem:
690 1104 785 1147 eosque
797 1099 886 1134 omues
898 1090 966 1135 vidit

159 1171 265 1218 vincere
285 1162 455 1219 coronarique
475 1160 566 1206 eodem
586 1157 720 1217 Olympiae
741 1157 796 1203 die:
815 1160 912 1203 etcum
927 1157 966 1203 ibi

161 1252 218 1285 eum
229 1240 282 1281 tres
292 1232 470 1280 adolescentes
481 1226 605 1286 amplexi,
616 1225 720 1272 coronis
730 1224 784 1271 suis
794 1224 822 1269 iu
831 1229 908 1282 caput
917 1235 965 1284 pa-

160 1305 210 1352 tris
220 1302 322 1362 positis,
337 1298 508 1353 saciarentur,
525 1307 631 1351 cumque
641 1292 752 1350 populus
762 1292 965 1350 gratulabundus

161 1374 239 1419 liores
249 1367 363 1424 undique
374 1365 401 1410 iu
411 1378 469 1410 eum
479 1361 587 1407 iaceret:
608 1359 645 1406 ibi
658 1359 789 1417 lastadio,
804 1359 966 1417 inspectante

161 1439 274 1499 populo,
289 1436 316 1481 in
327 1431 424 1480 osculis
435 1433 511 1487 atque
522 1428 548 1474 iu
557 1427 674 1474 manibus
685 1426 796 1471 liliorum
805 1426 916 1472 animam
926 1433 966 1472 et·

163 1506 245 1552 davit.
269 1507 305 1548 ·4.
324 1500 462 1546 Praeterea
472 1497 498 1542 iu
510 1496 608 1541 nostris
619 1493 755 1540 annalibus
766 1492 889 1551 scriptum
901 1494 967 1551 legl-

161 1587 231 1630 mus,
252 1584 302 1630 qus
316 1567 467 1626 tempestate
478 1562 545 1621 apud
556 1564 656 1608 Cannas
667 1560 801 1606 exercitus
810 1560 902 1618 populi
910 1560 968 1607 Ro·

161 1639 231 1688 mani
246 1649 335 1685 caesus
346 1638 395 1689 est,
406 1646 483 1680 anum
492 1634 612 1687 matrem,
632 1628 724 1674 nuntio
734 1629 765 1673 de
774 1630 858 1673 morte
868 1628 916 1673 filii
927 1628 967 1674 al-

162 1709 232 1768 lato,
249 1707 321 1752 luctu
336 1705 543 1758 atque-moerore
554 1697 667 1742 allectam
679 1708 749 1753 esse,
770 1696 815 1740 sed
826 1694 968 1741 isnuntius

163 1789 217 1822 non
234 1784 310 1820 verus
328 1770 389 1826 luit,
410 1770 486 1824 atque
502 1765 525 1811 is
535 1764 687 1824 adolescens
702 1776 754 1808 non
765 1761 809 1807 dia
819 1765 879 1820 post
891 1776 925 1810 ex
936 1776 969 1809 ea

163 1856 250 1902 pugna
263 1840 291 1885 in
304 1839 393 1883 urbem
406 1833 494 1880 rediit:
515 1846 593 1891 anus,
612 1833 720 1889 repente
736 1828 789 1874 lilio
801 1829 871 1886 visu,
891 1831 969 1888 copia

164 1913 240 1966 atque
257 1907 332 1953 turba
347 1907 373 1948 ct
386 1901 459 1959 quasi
479 1900 556 1945 ruina
574 1898 713 1944 incidentis
732 1896 861 1954 inopinati
879 1897 969 1956 gaudii

165 1988 290 2036 oppressa
299 1969 495 2027 exanimataque
506 1971 556 2013 est.

196 2136 314 2192 Temporis
323 2135 426 2179 varietas
436 2136 461 2177 in
467 2133 597 2189 puerperiis
607 2133 727 2175 curtlierum
739 2145 850 2188 postrenum
861 2131 942 2187 sidet]
954 2148 970 2175 a

220 2194 314 2236 stseds'cis
331 2199 353 2235 et
366 2192 402 2247 [a]
417 2190 563 2248 philosophis
577 2190 680 2231 trudito.-
699 2195 767 2243 acque
780 2187 970 2241 iuibipoe‘tarum

220 2262 307 2306 quoquc
317 2254 419 2289 ueterum
434 2259 501 2301 mper
514 2248 592 2287 cartem
602 2257 626 2285 rc
636 2244 772 2299 opiniones,
791 2245 910 2299 multaque
920 2244 970 2285 ulia

166 2319 168 2324 ·
221 2308 304 2348 acsditu
317 2309 387 2357 utque
402 2305 532 2344 memoratu
545 2301 629 2355 digna:
648 2299 759 2354 undaque
771 2298 826 2353 ipsa
835 2298 968 2355 Hippocra-

222 2360 251 2403 tis
269 2359 352 2425 medici
368 2357 474 2402 calisto
488 2355 663 2407 ι’ἰΙίιιΜιιυιτιι,ι
674 2354 713 2411 qm'
726 2354 854 2412 incaptus
873 2361 909 2399 cst
922 2366 970 2413 ,αρε

166 2441 169 2446 -
219 2427 303 2463 moun·

203 2485 226 2530 l.
241 2483 279 2529 Et
288 2481 383 2527 medici
392 2485 418 2528 et
428 2479 578 2540 philosophi
587 2479 705 2525 illustres
717 2479 748 2525 de
757 2479 872 2534 tempure
882 2475 972 2523 huma-

166 2550 292 2609 nipartus
303 2549 496 2606 quaesiverunt,
510 2542 590 2597 πόσος
605 2539 674 2604 ὁτῆς
687 2544 739 2590 τῶν
749 2534 898 2606 ἀνθρώπων
908 2538 973 2603 κυῆ-

167 2632 230 2668 csuc
236 2611 344 2680 χρόνοςε
358 2619 385 2662 ct
394 2616 476 2662 multa
486 2614 575 2673 opinio
586 2614 635 2670 est,
646 2627 726 2670 eaque
737 2613 787 2659 iam
796 2626 844 2669 pro
856 2625 918 2657 rem
927 2625 971 2657 re-

167 2689 254 2748 cepta,
267 2678 974 2747 postqusmmulierisuterumconccperitsemen„gi-
