<?xml version="1.0" encoding="UTF-8"?>
<!DOCTYPE html PUBLIC "-//W3C//DTD XHTML 1.0 Transitional//EN"
    "http://www.w3.org/TR/xhtml1/DTD/xhtml1-transitional.dtd">
<html xmlns="http://www.w3.org/1999/xhtml" xml:lang="en" lang="en">
 <head>
  <title>
</title>
<meta http-equiv="Content-Type" content="text/html;charset=utf-8" />
  <meta name='ocr-system' content='tesseract 3.04.00' />
  <meta name='ocr-capabilities' content='ocr_page ocr_carea ocr_par ocr_line ocrx_word'/>
</head>
<body>
  <div class='ocr_page' id='page_1' title='image "auligelliinocte04gellgoog_0135.png"; bbox 0 0 2067 3034; ppageno 0'>
   <div class='ocr_carea' id='block_1_1' title="bbox 334 103 892 167">
    <p class='ocr_par' dir='ltr' id='par_1_1' title="bbox 334 103 892 167">
     <span class='ocr_line' id='line_1_1' title="bbox 334 103 892 167; baseline 0.004 -5"><span class='ocrx_word' id='word_1_1' title='bbox 334 114 458 164; x_wconf 80' lang='lat' dir='ltr'><strong>ainv,</strong></span> <span class='ocrx_word' id='word_1_2' title='bbox 494 114 635 162; x_wconf 74' lang='lat' dir='ltr'><strong>cram.</strong></span> <span class='ocrx_word' id='word_1_3' title='bbox 761 103 764 108; x_wconf 80' lang='grc'><strong>’</strong></span> <span class='ocrx_word' id='word_1_4' title='bbox 841 113 892 167; x_wconf 77' lang='lat' dir='ltr'><strong>aar</strong></span> 
     </span>
    </p>
   </div>
   <div class='ocr_carea' id='block_1_2' title="bbox 89 230 895 359">
    <p class='ocr_par' dir='ltr' id='par_1_2' title="bbox 89 230 895 359">
     <span class='ocr_line' id='line_1_2' title="bbox 89 230 895 293; baseline -0.001 -11"><span class='ocrx_word' id='word_1_5' title='bbox 89 234 135 283; x_wconf 85' lang='lat' dir='ltr'><strong>stis</strong></span> <span class='ocrx_word' id='word_1_6' title='bbox 144 230 259 293; x_wconf 81' lang='lat' dir='ltr'><strong>gladium</strong></span> <span class='ocrx_word' id='word_1_7' title='bbox 271 232 392 288; x_wconf 83' lang='lat' dir='ltr'><strong>reduxit,</strong></span> <span class='ocrx_word' id='word_1_8' title='bbox 412 234 439 279; x_wconf 91' lang='lat' dir='ltr'><strong>et</strong></span> <span class='ocrx_word' id='word_1_9' title='bbox 451 246 500 283; x_wconf 88' lang='lat' dir='ltr'><strong>rex</strong></span> <span class='ocrx_word' id='word_1_10' title='bbox 510 231 566 279; x_wconf 85' lang='lat' dir='ltr'><strong>rita</strong></span> <span class='ocrx_word' id='word_1_11' title='bbox 575 230 749 289; x_wconf 81' lang='lat' dir='ltr'><strong>donatus-est,</strong></span> <span class='ocrx_word' id='word_1_12' title='bbox 770 237 796 280; x_wconf 89' lang='lat' dir='ltr'><strong>et</strong></span> <span class='ocrx_word' id='word_1_13' title='bbox 805 234 895 281; x_wconf 51' lang='lat' dir='ltr'><strong>adole-¹</strong></span> 
     </span>
     <span class='ocr_line' id='line_1_3' title="bbox 89 299 894 359; baseline 0 -11"><span class='ocrx_word' id='word_1_14' title='bbox 89 317 162 349; x_wconf 83' lang='lat' dir='ltr'><strong>sceris</strong></span> <span class='ocrx_word' id='word_1_15' title='bbox 178 300 252 359; x_wconf 88' lang='lat' dir='ltr'><strong>loqui</strong></span> <span class='ocrx_word' id='word_1_16' title='bbox 265 311 385 359; x_wconf 88' lang='lat' dir='ltr'><strong>prorsum</strong></span> <span class='ocrx_word' id='word_1_17' title='bbox 399 300 524 359; x_wconf 79' lang='lat' dir='ltr'><strong>deinceps</strong></span> <span class='ocrx_word' id='word_1_18' title='bbox 545 299 653 357; x_wconf 82' lang='lat' dir='ltr'><strong>incepit.</strong></span> <span class='ocrx_word' id='word_1_19' title='bbox 692 301 717 344; x_wconf 75' lang='lat'><strong>4.</strong></span> <span class='ocrx_word' id='word_1_20' title='bbox 745 302 894 348; x_wconf 81' lang='lat' dir='ltr'><strong>Herodotus</strong></span> 
     </span>
    </p>
   </div>
   <div class='ocr_carea' id='block_1_3' title="bbox 6 366 896 424">
    <p class='ocr_par' dir='ltr' id='par_1_3' title="bbox 6 366 896 424">
     <span class='ocr_line' id='line_1_4' title="bbox 6 366 896 424; baseline -0.001 -7"><span class='ocrx_word' id='word_1_21' title='bbox 6 384 11 403; x_wconf 85' lang='lat'>¹</span> <span class='ocrx_word' id='word_1_22' title='bbox 90 370 118 417; x_wconf 85' lang='lat' dir='ltr'><strong>in</strong></span> <span class='ocrx_word' id='word_1_23' title='bbox 127 368 246 415; x_wconf 84' lang='lat' dir='ltr'><strong>historiis</strong></span> <span class='ocrx_word' id='word_1_24' title='bbox 252 368 332 420; x_wconf 21' lang='lat' dir='ltr'><strong>&lt;huius</strong></span> <span class='ocrx_word' id='word_1_25' title='bbox 342 367 491 414; x_wconf 79' lang='lat' dir='ltr'><strong>mern&#39;oriae</strong></span> <span class='ocrx_word' id='word_1_26' title='bbox 500 366 612 424; x_wconf 85' lang='lat' dir='ltr'><strong>scriptor</strong></span> <span class='ocrx_word' id='word_1_27' title='bbox 623 368 676 412; x_wconf 86' lang='lat' dir='ltr'><strong>est:</strong></span> <span class='ocrx_word' id='word_1_28' title='bbox 698 366 805 424; x_wconf 86' lang='lat' dir='ltr'><strong>eiusque</strong></span> <span class='ocrx_word' id='word_1_29' title='bbox 816 371 896 415; x_wconf 81' lang='lat' dir='ltr'><strong>verba</strong></span> 
     </span>
    </p>
   </div>
   <div class='ocr_carea' id='block_1_4' title="bbox 62 428 899 1098">
    <p class='ocr_par' dir='ltr' id='par_1_4' title="bbox 62 428 899 1098">
     <span class='ocr_line' id='line_1_5' title="bbox 90 428 896 498; baseline -0.002 -15"><span class='ocrx_word' id='word_1_30' title='bbox 90 438 155 498; x_wconf 87' lang='lat' dir='ltr'><strong>sunt,</strong></span> <span class='ocrx_word' id='word_1_31' title='bbox 167 449 233 495; x_wconf 80' lang='lat' dir='ltr'><strong>qnae</strong></span> <span class='ocrx_word' id='word_1_32' title='bbox 243 434 326 493; x_wconf 87' lang='lat' dir='ltr'><strong>prima</strong></span> <span class='ocrx_word' id='word_1_33' title='bbox 336 434 437 481; x_wconf 77' lang='lat' dir='ltr'><strong>dixisse</strong></span> <span class='ocrx_word' id='word_1_34' title='bbox 447 434 528 481; x_wconf 85' lang='lat' dir='ltr'><strong>tilium</strong></span> <span class='ocrx_word' id='word_1_35' title='bbox 538 432 628 479; x_wconf 80' lang='lat' dir='ltr'><strong>Croesi</strong></span> <span class='ocrx_word' id='word_1_36' title='bbox 638 435 733 480; x_wconf 82' lang='lat' dir='ltr'><strong>refert:</strong></span> <span class='ocrx_word' id='word_1_37' title='bbox 746 428 896 497; x_wconf 76' lang='grc' dir='ltr'><strong>Ὧνθρωπε,</strong></span> 
     </span>
     <span class='ocr_line' id='line_1_6' title="bbox 62 498 897 575; baseline 0 -27"><span class='ocrx_word' id='word_1_38' title='bbox 62 498 65 508; x_wconf 88' lang='grc'><em>’</em></span> <span class='ocrx_word' id='word_1_39' title='bbox 89 500 124 567; x_wconf 75' lang='grc' dir='ltr'><strong>μὴ</strong></span> <span class='ocrx_word' id='word_1_40' title='bbox 135 506 214 548; x_wconf 74' lang='grc' dir='ltr'><strong><em>κτεῖνε</em></strong></span> <span class='ocrx_word' id='word_1_41' title='bbox 225 502 350 565; x_wconf 79' lang='grc' dir='ltr'><strong><em>Κροῖσον.</em></strong></span> <span class='ocrx_word' id='word_1_42' title='bbox 387 505 408 546; x_wconf 82' lang='grc'><strong>5.</strong></span> <span class='ocrx_word' id='word_1_43' title='bbox 427 502 477 548; x_wconf 88' lang='lat' dir='ltr'><strong>Sed</strong></span> <span class='ocrx_word' id='word_1_44' title='bbox 492 503 520 547; x_wconf 90' lang='lat' dir='ltr'><strong>et</strong></span> <span class='ocrx_word' id='word_1_45' title='bbox 534 501 661 575; x_wconf 59' lang='lat' dir='ltr'><strong>quispiam</strong></span> <span class='ocrx_word' id='word_1_46' title='bbox 672 500 775 547; x_wconf 80' lang='lat' dir='ltr'><strong>Samios</strong></span> <span class='ocrx_word' id='word_1_47' title='bbox 786 503 897 560; x_wconf 85' lang='lat' dir='ltr'><strong>athleta,</strong></span> 
     </span>
     <span class='ocr_line' id='line_1_7' title="bbox 90 564 896 632; baseline -0.006 -14"><span class='ocrx_word' id='word_1_48' title='bbox 90 573 197 632; x_wconf 85' lang='lat' dir='ltr'><strong>(nornen</strong></span> <span class='ocrx_word' id='word_1_49' title='bbox 207 568 249 615; x_wconf 90' lang='lat' dir='ltr'><strong>illi</strong></span> <span class='ocrx_word' id='word_1_50' title='bbox 261 567 311 614; x_wconf 85' lang='lat' dir='ltr'><strong>fuit</strong></span> <span class='ocrx_word' id='word_1_51' title='bbox 320 564 446 627; x_wconf 54' lang='lat' dir='ltr'><strong>Atytrpm)</strong></span> <span class='ocrx_word' id='word_1_52' title='bbox 457 582 514 614; x_wconf 89' lang='lat' dir='ltr'><strong>cum</strong></span> <span class='ocrx_word' id='word_1_53' title='bbox 523 571 599 614; x_wconf 86' lang='lat' dir='ltr'><strong>antea</strong></span> <span class='ocrx_word' id='word_1_54' title='bbox 609 581 663 613; x_wconf 91' lang='lat' dir='ltr'><strong>non</strong></span> <span class='ocrx_word' id='word_1_55' title='bbox 672 567 782 625; x_wconf 80' lang='lat' dir='ltr'><strong>loquens</strong></span> <span class='ocrx_word' id='word_1_56' title='bbox 794 569 896 626; x_wconf 62' lang='lat' dir='ltr'><strong>tirissetq</strong></span> 
     </span>
     <span class='ocr_line' id='line_1_8' title="bbox 91 635 898 692; baseline -0.002 -8"><span class='ocrx_word' id='word_1_57' title='bbox 91 640 123 684; x_wconf 84' lang='lat' dir='ltr'><strong>ob</strong></span> <span class='ocrx_word' id='word_1_58' title='bbox 133 637 245 684; x_wconf 77' lang='lat' dir='ltr'><strong>similem</strong></span> <span class='ocrx_word' id='word_1_59' title='bbox 254 636 350 682; x_wconf 86' lang='lat' dir='ltr'><strong>dicitur</strong></span> <span class='ocrx_word' id='word_1_60' title='bbox 360 648 464 681; x_wconf 82' lang='lat' dir='ltr'><strong>causam</strong></span> <span class='ocrx_word' id='word_1_61' title='bbox 473 635 546 692; x_wconf 88' lang='lat' dir='ltr'><strong>loqui</strong></span> <span class='ocrx_word' id='word_1_62' title='bbox 557 635 684 692; x_wconf 82' lang='lat' dir='ltr'><strong>coepisse.</strong></span> <span class='ocrx_word' id='word_1_63' title='bbox 720 636 745 680; x_wconf 84' lang='grc'><strong>6.</strong></span> <span class='ocrx_word' id='word_1_64' title='bbox 763 637 830 681; x_wconf 90' lang='lat' dir='ltr'><strong>Nam</strong></span> <span class='ocrx_word' id='word_1_65' title='bbox 839 647 898 682; x_wconf 85' lang='lat' dir='ltr'><strong>curn</strong></span> 
     </span>
     <span class='ocr_line' id='line_1_9' title="bbox 90 694 896 759; baseline -0.004 -8"><span class='ocrx_word' id='word_1_66' title='bbox 90 704 118 751; x_wconf 88' lang='lat' dir='ltr'><strong>in</strong></span> <span class='ocrx_word' id='word_1_67' title='bbox 135 717 209 750; x_wconf 86' lang='lat' dir='ltr'><strong>sacro</strong></span> <span class='ocrx_word' id='word_1_68' title='bbox 229 694 368 750; x_wconf 83' lang='lat' dir='ltr'><strong>certamine</strong></span> <span class='ocrx_word' id='word_1_69' title='bbox 387 702 492 748; x_wconf 81' lang='lat' dir='ltr'><strong>sortitio</strong></span> <span class='ocrx_word' id='word_1_70' title='bbox 511 702 582 748; x_wconf 89' lang='lat' dir='ltr'><strong>inter</strong></span> <span class='ocrx_word' id='word_1_71' title='bbox 600 701 672 759; x_wconf 87' lang='lat' dir='ltr'><strong>ipsos</strong></span> <span class='ocrx_word' id='word_1_72' title='bbox 687 703 714 747; x_wconf 88' lang='lat' dir='ltr'><strong>et</strong></span> <span class='ocrx_word' id='word_1_73' title='bbox 731 702 896 749; x_wconf 85' lang='lat' dir='ltr'><strong>adversarios</strong></span> 
     </span>
     <span class='ocr_line' id='line_1_10' title="bbox 90 768 899 829; baseline -0.004 -11"><span class='ocrx_word' id='word_1_74' title='bbox 90 785 142 819; x_wconf 86' lang='lat' dir='ltr'><strong>non</strong></span> <span class='ocrx_word' id='word_1_75' title='bbox 156 772 224 817; x_wconf 86' lang='lat' dir='ltr'><strong>bona</strong></span> <span class='ocrx_word' id='word_1_76' title='bbox 242 770 291 816; x_wconf 85' lang='lat' dir='ltr'><strong>fide</strong></span> <span class='ocrx_word' id='word_1_77' title='bbox 310 770 395 829; x_wconf 78' lang='lat' dir='ltr'><strong>fleret,</strong></span> <span class='ocrx_word' id='word_1_78' title='bbox 415 770 441 815; x_wconf 90' lang='lat' dir='ltr'><strong>et</strong></span> <span class='ocrx_word' id='word_1_79' title='bbox 455 770 553 816; x_wconf 88' lang='lat' dir='ltr'><strong>sortem</strong></span> <span class='ocrx_word' id='word_1_80' title='bbox 568 768 680 816; x_wconf 86' lang='lat' dir='ltr'><strong>nominis</strong></span> <span class='ocrx_word' id='word_1_81' title='bbox 695 769 789 817; x_wconf 85' lang='lat' dir='ltr'><strong>falsam</strong></span> <span class='ocrx_word' id='word_1_82' title='bbox 803 770 899 817; x_wconf 85' lang='lat' dir='ltr'><strong>subiici</strong></span> 
     </span>
     <span class='ocr_line' id='line_1_11' title="bbox 91 835 897 902; baseline -0.002 -17"><span class='ocrx_word' id='word_1_83' title='bbox 91 837 336 902; x_wconf 73' lang='lat' dir='ltr'><strong>animadvertisset,¹</strong></span> <span class='ocrx_word' id='word_1_84' title='bbox 347 838 454 894; x_wconf 91' lang='lat' dir='ltr'><strong>repente</strong></span> <span class='ocrx_word' id='word_1_85' title='bbox 471 836 580 894; x_wconf 88' lang='lat' dir='ltr'><strong>ineum,</strong></span> <span class='ocrx_word' id='word_1_86' title='bbox 600 836 645 894; x_wconf 90' lang='lat' dir='ltr'><strong>qui</strong></span> <span class='ocrx_word' id='word_1_87' title='bbox 655 835 683 881; x_wconf 91' lang='lat' dir='ltr'><strong>id</strong></span> <span class='ocrx_word' id='word_1_88' title='bbox 693 836 818 892; x_wconf 75' lang='lat' dir='ltr'><strong>faciebat,</strong></span> <span class='ocrx_word' id='word_1_89' title='bbox 838 851 897 883; x_wconf 84' lang='lat' dir='ltr'><strong>sese</strong></span> 
     </span>
     <span class='ocr_line' id='line_1_12' title="bbox 90 902 897 964; baseline -0.001 -13"><span class='ocrx_word' id='word_1_90' title='bbox 90 906 187 964; x_wconf 86' lang='lat' dir='ltr'><strong>videre,</strong></span> <span class='ocrx_word' id='word_1_91' title='bbox 198 904 261 962; x_wconf 90' lang='lat' dir='ltr'><strong>quid</strong></span> <span class='ocrx_word' id='word_1_92' title='bbox 271 906 378 960; x_wconf 85' lang='lat' dir='ltr'><strong>taceret,</strong></span> <span class='ocrx_word' id='word_1_93' title='bbox 389 915 510 961; x_wconf 76' lang='lat' dir='ltr'><strong>magnum</strong></span> <span class='ocrx_word' id='word_1_94' title='bbox 520 902 679 950; x_wconf 86' lang='lat' dir='ltr'><strong>inclamavit.</strong></span> <span class='ocrx_word' id='word_1_95' title='bbox 706 904 791 962; x_wconf 79' lang='lat' dir='ltr'><strong>Atque</strong></span> <span class='ocrx_word' id='word_1_96' title='bbox 802 903 833 963; x_wconf 84' lang='lat' dir='ltr'><strong>is,</strong></span> <span class='ocrx_word' id='word_1_97' title='bbox 841 903 897 951; x_wconf 84' lang='lat' dir='ltr'><strong>oris</strong></span> 
     </span>
     <span class='ocr_line' id='line_1_13' title="bbox 91 970 896 1029; baseline -0.004 -10"><span class='ocrx_word' id='word_1_98' title='bbox 91 973 195 1019; x_wconf 74' lang='lat' dir='ltr'><strong>uinculo</strong></span> <span class='ocrx_word' id='word_1_99' title='bbox 207 972 323 1029; x_wconf 83' lang='lat' dir='ltr'><strong>solutus,</strong></span> <span class='ocrx_word' id='word_1_100' title='bbox 342 984 388 1028; x_wconf 86' lang='lat' dir='ltr'><strong>per</strong></span> <span class='ocrx_word' id='word_1_101' title='bbox 399 984 473 1017; x_wconf 86' lang='lat' dir='ltr'><strong>omne</strong></span> <span class='ocrx_word' id='word_1_102' title='bbox 483 970 546 1017; x_wconf 85' lang='lat' dir='ltr'><strong>inde</strong></span> <span class='ocrx_word' id='word_1_103' title='bbox 556 970 625 1017; x_wconf 84' lang='lat' dir='ltr'><strong>ritae</strong></span> <span class='ocrx_word' id='word_1_104' title='bbox 635 972 736 1029; x_wconf 81' lang='lat' dir='ltr'><strong>tempas</strong></span> <span class='ocrx_word' id='word_1_105' title='bbox 749 984 804 1017; x_wconf 87' lang='lat' dir='ltr'><strong>non</strong></span> <span class='ocrx_word' id='word_1_106' title='bbox 813 970 896 1017; x_wconf 82' lang='lat' dir='ltr'><strong>turbi-</strong></span> 
     </span>
     <span class='ocr_line' id='line_1_14' title="bbox 91 1038 863 1098; baseline -0.01 -11"><span class='ocrx_word' id='word_1_107' title='bbox 91 1040 122 1087; x_wconf 92' lang='lat' dir='ltr'><strong>de</strong></span> <span class='ocrx_word' id='word_1_108' title='bbox 130 1052 212 1098; x_wconf 85' lang='lat' dir='ltr'><strong>neque</strong></span> <span class='ocrx_word' id='word_1_109' title='bbox 223 1038 333 1084; x_wconf 83' lang='lat' dir='ltr'><strong>adhaese</strong></span> <span class='ocrx_word' id='word_1_110' title='bbox 343 1038 450 1085; x_wconf 85' lang='lat' dir='ltr'><strong>locutus</strong></span> <span class='ocrx_word' id='word_1_111' title='bbox 458 1039 505 1084; x_wconf 90' lang='lat' dir='ltr'><strong>est.</strong></span> <span class='ocrx_word' id='word_1_112' title='bbox 589 1074 591 1082; x_wconf 72' lang='grc'>,</span> <span class='ocrx_word' id='word_1_113' title='bbox 860 1059 863 1064; x_wconf 66' lang='grc'><strong>»</strong></span> 
     </span>
    </p>
   </div>
   <div class='ocr_carea' id='block_1_5' title="bbox 116 1151 896 1302">
    <p class='ocr_par' dir='ltr' id='par_1_5' title="bbox 116 1151 896 1302">
     <span class='ocr_line' id='line_1_15' title="bbox 364 1151 622 1206; baseline 0.008 -2"><span class='ocrx_word' id='word_1_114' title='bbox 364 1153 385 1204; x_wconf 84' lang='lat' dir='ltr'><strong>G</strong></span> <span class='ocrx_word' id='word_1_115' title='bbox 402 1151 424 1203; x_wconf 83' lang='lat' dir='ltr'>A</span> <span class='ocrx_word' id='word_1_116' title='bbox 441 1152 463 1204; x_wconf 92' lang='lat' dir='ltr'>P</span> <span class='ocrx_word' id='word_1_117' title='bbox 482 1152 506 1206; x_wconf 88' lang='lat' dir='ltr'><strong>U</strong></span> <span class='ocrx_word' id='word_1_118' title='bbox 525 1155 550 1205; x_wconf 92' lang='lat' dir='ltr'>T</span> <span class='ocrx_word' id='word_1_119' title='bbox 587 1152 622 1205; x_wconf 85' lang='lat' dir='ltr'><strong>X.</strong></span> 
     </span>
     <span class='ocr_line' id='line_1_16' title="bbox 116 1232 896 1302; baseline -0.003 -20"><span class='ocrx_word' id='word_1_120' title='bbox 116 1238 152 1283; x_wconf 73' lang='lat' dir='ltr'><strong>De</strong></span> <span class='ocrx_word' id='word_1_121' title='bbox 161 1236 310 1293; x_wconf 48' lang='lat' dir='ltr'><strong>armentu,</strong></span> <span class='ocrx_word' id='word_1_122' title='bbox 321 1249 379 1302; x_wconf 60' lang='lat' dir='ltr'><strong>qmae</strong></span> <span class='ocrx_word' id='word_1_123' title='bbox 390 1235 478 1281; x_wconf 73' lang='lat' dir='ltr'><strong>Graeca</strong></span> <span class='ocrx_word' id='word_1_124' title='bbox 486 1232 652 1293; x_wconf 62' lang='grc' dir='ltr'><strong>ἀντιστρέφοντα</strong></span> <span class='ocrx_word' id='word_1_125' title='bbox 662 1232 818 1295; x_wconf 65' lang='lat' dir='ltr'><strong>appellantia,</strong></span> <span class='ocrx_word' id='word_1_126' title='bbox 830 1251 846 1280; x_wconf 80' lang='lat' dir='ltr'><strong>a</strong></span> <span class='ocrx_word' id='word_1_127' title='bbox 853 1248 896 1281; x_wconf 72' lang='lat' dir='ltr'><strong>uo·</strong></span> 
     </span>
    </p>
   </div>
   <div class='ocr_carea' id='block_1_6' title="bbox 145 1293 560 1350">
    <p class='ocr_par' dir='ltr' id='par_1_6' title="bbox 145 1293 560 1350">
     <span class='ocr_line' id='line_1_17' title="bbox 145 1293 560 1350; baseline -0.005 -13"><span class='ocrx_word' id='word_1_128' title='bbox 145 1294 179 1337; x_wconf 74' lang='lat' dir='ltr'><strong>bis</strong></span> <span class='ocrx_word' id='word_1_129' title='bbox 188 1294 309 1350; x_wconf 77' lang='lat' dir='ltr'><strong>reciproco</strong></span> <span class='ocrx_word' id='word_1_130' title='bbox 319 1293 474 1348; x_wconf 68' lang='lat' dir='ltr'><strong>dietpoaunt.</strong></span> <span class='ocrx_word' id='word_1_131' title='bbox 557 1313 560 1320; x_wconf 57' lang='lat'><strong><em>¹</em></strong></span> 
     </span>
    </p>
   </div>
   <div class='ocr_carea' id='block_1_7' title="bbox 66 1368 898 1498">
    <p class='ocr_par' dir='ltr' id='par_1_7' title="bbox 66 1368 898 1498">
     <span class='ocr_line' id='line_1_18' title="bbox 66 1368 898 1428; baseline 0 -11"><span class='ocrx_word' id='word_1_132' title='bbox 66 1420 71 1428; x_wconf 67' lang='grc'><strong>,</strong></span> <span class='ocrx_word' id='word_1_133' title='bbox 124 1371 150 1417; x_wconf 90' lang='lat'><strong>1.</strong></span> <span class='ocrx_word' id='word_1_134' title='bbox 167 1372 239 1417; x_wconf 83' lang='lat' dir='ltr'><strong>luter</strong></span> <span class='ocrx_word' id='word_1_135' title='bbox 248 1369 313 1418; x_wconf 82' lang='lat' dir='ltr'><strong>vitia</strong></span> <span class='ocrx_word' id='word_1_136' title='bbox 323 1372 531 1428; x_wconf 63' lang='lat' dir='ltr'><strong>armamentorum</strong></span> <span class='ocrx_word' id='word_1_137' title='bbox 544 1368 623 1427; x_wconf 79' lang='lat' dir='ltr'><strong>longe</strong></span> <span class='ocrx_word' id='word_1_138' title='bbox 636 1371 779 1418; x_wconf 77' lang='lat' dir='ltr'><strong>maximnm</strong></span> <span class='ocrx_word' id='word_1_139' title='bbox 788 1384 846 1418; x_wconf 86' lang='lat' dir='ltr'><strong>esse</strong></span> <span class='ocrx_word' id='word_1_140' title='bbox 855 1370 898 1417; x_wconf 84' lang='lat' dir='ltr'><strong>vi·</strong></span> 
     </span>
     <span class='ocr_line' id='line_1_19' title="bbox 89 1431 896 1498; baseline -0.004 -13"><span class='ocrx_word' id='word_1_141' title='bbox 89 1438 154 1486; x_wconf 90' lang='lat' dir='ltr'><strong>tium</strong></span> <span class='ocrx_word' id='word_1_142' title='bbox 168 1438 273 1484; x_wconf 87' lang='lat' dir='ltr'><strong>videtur</strong></span> <span class='ocrx_word' id='word_1_143' title='bbox 286 1451 386 1497; x_wconf 88' lang='lat' dir='ltr'><strong>eorum,</strong></span> <span class='ocrx_word' id='word_1_144' title='bbox 407 1451 471 1495; x_wconf 83' lang='lat' dir='ltr'><strong>quae</strong></span> <span class='ocrx_word' id='word_1_145' title='bbox 484 1431 685 1498; x_wconf 75' lang='grc' dir='ltr'><strong><em>ἀντιστρέφοντα</em></strong></span> <span class='ocrx_word' id='word_1_146' title='bbox 696 1439 789 1486; x_wconf 80' lang='lat' dir='ltr'><strong>Graeci</strong></span> <span class='ocrx_word' id='word_1_147' title='bbox 799 1438 896 1485; x_wconf 87' lang='lat' dir='ltr'><strong>dicunt.</strong></span> 
     </span>
    </p>
   </div>
   <div class='ocr_carea' id='block_1_8' title="bbox 6 1503 897 1570">
    <p class='ocr_par' dir='ltr' id='par_1_8' title="bbox 6 1503 897 1570">
     <span class='ocr_line' id='line_1_20' title="bbox 6 1503 897 1570; baseline -0.002 -17"><span class='ocrx_word' id='word_1_148' title='bbox 6 1519 13 1542; x_wconf 70' lang='lat'>³</span> <span class='ocrx_word' id='word_1_149' title='bbox 89 1511 114 1553; x_wconf 81' lang='lat'><strong>2.</strong></span> <span class='ocrx_word' id='word_1_150' title='bbox 133 1505 171 1552; x_wconf 81' lang='lat' dir='ltr'><strong>Ea</strong></span> <span class='ocrx_word' id='word_1_151' title='bbox 182 1503 285 1564; x_wconf 87' lang='lat' dir='ltr'><strong>quidam</strong></span> <span class='ocrx_word' id='word_1_152' title='bbox 295 1518 330 1552; x_wconf 86' lang='lat' dir='ltr'><strong>ex</strong></span> <span class='ocrx_word' id='word_1_153' title='bbox 340 1504 451 1570; x_wconf 76' lang='lat' dir='ltr'><strong>nostris,</strong></span> <span class='ocrx_word' id='word_1_154' title='bbox 467 1518 522 1552; x_wconf 84' lang='lat' dir='ltr'><strong>non</strong></span> <span class='ocrx_word' id='word_1_155' title='bbox 529 1503 617 1550; x_wconf 82' lang='lat' dir='ltr'><strong>hercle</strong></span> <span class='ocrx_word' id='word_1_156' title='bbox 625 1505 705 1551; x_wconf 87' lang='lat' dir='ltr'><strong>nimis</strong></span> <span class='ocrx_word' id='word_1_157' title='bbox 715 1506 837 1562; x_wconf 78' lang='lat' dir='ltr'><strong>absurde,</strong></span> <span class='ocrx_word' id='word_1_158' title='bbox 851 1517 897 1551; x_wconf 83' lang='lat' dir='ltr'><strong>re-</strong></span> 
     </span>
    </p>
   </div>
   <div class='ocr_carea' id='block_1_9' title="bbox 87 1571 899 1699">
    <p class='ocr_par' dir='ltr' id='par_1_9' title="bbox 87 1571 899 1699">
     <span class='ocr_line' id='line_1_21' title="bbox 87 1571 898 1634; baseline -0.006 -12"><span class='ocrx_word' id='word_1_159' title='bbox 87 1577 201 1634; x_wconf 69' lang='lat' dir='ltr'><strong>ciproca</strong></span> <span class='ocrx_word' id='word_1_160' title='bbox 211 1572 418 1631; x_wconf 85' lang='lat' dir='ltr'><strong>appellaverunt.</strong></span> <span class='ocrx_word' id='word_1_161' title='bbox 452 1574 477 1617; x_wconf 86' lang='lat'><strong>2.</strong></span> <span class='ocrx_word' id='word_1_162' title='bbox 495 1571 526 1617; x_wconf 89' lang='lat' dir='ltr'><strong>ld</strong></span> <span class='ocrx_word' id='word_1_163' title='bbox 539 1574 625 1618; x_wconf 80' lang='lat' dir='ltr'><strong>autern</strong></span> <span class='ocrx_word' id='word_1_164' title='bbox 640 1572 733 1620; x_wconf 88' lang='lat' dir='ltr'><strong>vitium</strong></span> <span class='ocrx_word' id='word_1_165' title='bbox 742 1573 838 1619; x_wconf 83' lang='lat' dir='ltr'><strong>accidit</strong></span> <span class='ocrx_word' id='word_1_166' title='bbox 847 1573 898 1618; x_wconf 76' lang='lat' dir='ltr'><strong>hoe</strong></span> 
     </span>
     <span class='ocr_line' id='line_1_22' title="bbox 87 1638 899 1699; baseline -0.001 -11"><span class='ocrx_word' id='word_1_167' title='bbox 87 1641 179 1689; x_wconf 88' lang='lat' dir='ltr'><strong>modo:</strong></span> <span class='ocrx_word' id='word_1_168' title='bbox 200 1654 258 1687; x_wconf 90' lang='lat' dir='ltr'><strong>cum</strong></span> <span class='ocrx_word' id='word_1_169' title='bbox 271 1642 447 1699; x_wconf 80' lang='lat' dir='ltr'><strong>argumentum</strong></span> <span class='ocrx_word' id='word_1_170' title='bbox 455 1638 619 1699; x_wconf 82' lang='lat' dir='ltr'><strong>propositum</strong></span> <span class='ocrx_word' id='word_1_171' title='bbox 628 1643 723 1687; x_wconf 85' lang='lat' dir='ltr'><strong>referri</strong></span> <span class='ocrx_word' id='word_1_172' title='bbox 734 1644 824 1687; x_wconf 90' lang='lat' dir='ltr'><strong>contra</strong></span> <span class='ocrx_word' id='word_1_173' title='bbox 833 1654 899 1687; x_wconf 89' lang='lat' dir='ltr'><strong>con·</strong></span> 
     </span>
    </p>
   </div>
   <div class='ocr_carea' id='block_1_10' title="bbox 7 1706 898 1768">
    <p class='ocr_par' dir='ltr' id='par_1_10' title="bbox 7 1706 898 1768">
     <span class='ocr_line' id='line_1_23' title="bbox 7 1706 898 1768; baseline -0.004 -12"><span class='ocrx_word' id='word_1_174' title='bbox 7 1708 9 1714; x_wconf 75' lang='grc'>’</span> <span class='ocrx_word' id='word_1_175' title='bbox 87 1709 207 1768; x_wconf 78' lang='lat' dir='ltr'><strong>uertique</strong></span> <span class='ocrx_word' id='word_1_176' title='bbox 222 1710 309 1767; x_wconf 80' lang='lat' dir='ltr'><strong>potest</strong></span> <span class='ocrx_word' id='word_1_177' title='bbox 325 1707 354 1753; x_wconf 91' lang='lat' dir='ltr'><strong>in</strong></span> <span class='ocrx_word' id='word_1_178' title='bbox 369 1721 442 1767; x_wconf 82' lang='lat' dir='ltr'><strong>eum,</strong></span> <span class='ocrx_word' id='word_1_179' title='bbox 462 1720 477 1753; x_wconf 90' lang='lat' dir='ltr'><strong>a</strong></span> <span class='ocrx_word' id='word_1_180' title='bbox 490 1719 542 1764; x_wconf 87' lang='lat' dir='ltr'><strong>quo</strong></span> <span class='ocrx_word' id='word_1_181' title='bbox 557 1706 651 1753; x_wconf 87' lang='lat' dir='ltr'><strong>dictum</strong></span> <span class='ocrx_word' id='word_1_182' title='bbox 661 1712 713 1766; x_wconf 80' lang='lat' dir='ltr'><strong>est3</strong></span> <span class='ocrx_word' id='word_1_183' title='bbox 735 1713 761 1756; x_wconf 87' lang='lat' dir='ltr'><strong>et</strong></span> <span class='ocrx_word' id='word_1_184' title='bbox 775 1709 898 1767; x_wconf 85' lang='lat' dir='ltr'><strong>utrinque</strong></span> 
     </span>
    </p>
   </div>
   <div class='ocr_carea' id='block_1_11' title="bbox 86 1774 907 2711">
    <p class='ocr_par' dir='ltr' id='par_1_11' title="bbox 86 1774 907 2711">
     <span class='ocr_line' id='line_1_24' title="bbox 87 1774 898 1836; baseline -0.001 -14"><span class='ocrx_word' id='word_1_185' title='bbox 87 1776 189 1836; x_wconf 87' lang='lat' dir='ltr'><strong>pariter</strong></span> <span class='ocrx_word' id='word_1_186' title='bbox 203 1774 286 1821; x_wconf 80' lang='lat' dir='ltr'><strong>valet:</strong></span> <span class='ocrx_word' id='word_1_187' title='bbox 306 1774 382 1831; x_wconf 87' lang='lat' dir='ltr'><strong>quale</strong></span> <span class='ocrx_word' id='word_1_188' title='bbox 397 1778 438 1820; x_wconf 81' lang='lat' dir='ltr'><strong>est</strong></span> <span class='ocrx_word' id='word_1_189' title='bbox 451 1774 632 1833; x_wconf 82' lang='lat' dir='ltr'><strong>pervulgatum</strong></span> <span class='ocrx_word' id='word_1_190' title='bbox 646 1776 729 1833; x_wconf 82' lang='lat' dir='ltr'><strong>illud,</strong></span> <span class='ocrx_word' id='word_1_191' title='bbox 743 1790 794 1835; x_wconf 90' lang='lat' dir='ltr'><strong>quo</strong></span> <span class='ocrx_word' id='word_1_192' title='bbox 804 1776 898 1822; x_wconf 52' lang='lat' dir='ltr'><strong>Prota*</strong></span> 
     </span>
     <span class='ocr_line' id='line_1_25' title="bbox 89 1840 899 1903; baseline -0.004 -13"><span class='ocrx_word' id='word_1_193' title='bbox 89 1857 194 1903; x_wconf 79' lang='lat' dir='ltr'><strong>goram,</strong></span> <span class='ocrx_word' id='word_1_194' title='bbox 213 1840 388 1900; x_wconf 74' lang='lat' dir='ltr'><strong>sophistarum</strong></span> <span class='ocrx_word' id='word_1_195' title='bbox 403 1841 568 1900; x_wconf 86' lang='lat' dir='ltr'><strong>acerrimum,</strong></span> <span class='ocrx_word' id='word_1_196' title='bbox 587 1856 663 1889; x_wconf 80' lang='lat' dir='ltr'><strong>usum</strong></span> <span class='ocrx_word' id='word_1_197' title='bbox 678 1857 734 1891; x_wconf 85' lang='lat' dir='ltr'><strong>esse</strong></span> <span class='ocrx_word' id='word_1_198' title='bbox 749 1845 837 1890; x_wconf 85' lang='lat' dir='ltr'><strong>ferunt</strong></span> <span class='ocrx_word' id='word_1_199' title='bbox 852 1843 899 1888; x_wconf 86' lang='lat' dir='ltr'><strong>ad-</strong></span> 
     </span>
     <span class='ocr_line' id='line_1_26' title="bbox 87 1908 899 1967; baseline -0.001 -10"><span class='ocrx_word' id='word_1_200' title='bbox 87 1923 182 1957; x_wconf 82' lang='lat' dir='ltr'><strong>versus</strong></span> <span class='ocrx_word' id='word_1_201' title='bbox 196 1908 337 1955; x_wconf 83' lang='lat' dir='ltr'><strong>Enaddum</strong></span> <span class='ocrx_word' id='word_1_202' title='bbox 352 1909 507 1967; x_wconf 87' lang='lat' dir='ltr'><strong>discipulum</strong></span> <span class='ocrx_word' id='word_1_203' title='bbox 522 1922 604 1955; x_wconf 82' lang='lat' dir='ltr'><strong>suum.</strong></span> <span class='ocrx_word' id='word_1_204' title='bbox 639 1913 663 1956; x_wconf 81' lang='lat'><strong>4.</strong></span> <span class='ocrx_word' id='word_1_205' title='bbox 679 1911 724 1957; x_wconf 81' lang='lat' dir='ltr'><strong>Lis</strong></span> <span class='ocrx_word' id='word_1_206' title='bbox 735 1919 843 1967; x_wconf 83' lang='lat' dir='ltr'><strong>namque</strong></span> <span class='ocrx_word' id='word_1_207' title='bbox 853 1910 899 1956; x_wconf 89' lang='lat' dir='ltr'><strong>iu-</strong></span> 
     </span>
     <span class='ocr_line' id='line_1_27' title="bbox 87 1976 898 2035; baseline -0.002 -11"><span class='ocrx_word' id='word_1_208' title='bbox 87 1981 132 2026; x_wconf 86' lang='lat' dir='ltr'><strong>ter</strong></span> <span class='ocrx_word' id='word_1_209' title='bbox 144 1991 190 2025; x_wconf 82' lang='lat' dir='ltr'><strong>eos</strong></span> <span class='ocrx_word' id='word_1_210' title='bbox 206 1979 233 2023; x_wconf 92' lang='lat' dir='ltr'><strong>et</strong></span> <span class='ocrx_word' id='word_1_211' title='bbox 247 1976 426 2024; x_wconf 84' lang='lat' dir='ltr'><strong>controversia</strong></span> <span class='ocrx_word' id='word_1_212' title='bbox 440 1990 518 2034; x_wconf 88' lang='lat' dir='ltr'><strong>super</strong></span> <span class='ocrx_word' id='word_1_213' title='bbox 532 1979 608 2035; x_wconf 83' lang='lat' dir='ltr'><strong>pacta</strong></span> <span class='ocrx_word' id='word_1_214' title='bbox 620 1978 738 2025; x_wconf 75' lang='lat' dir='ltr'>mercede</span> <span class='ocrx_word' id='word_1_215' title='bbox 755 1978 820 2025; x_wconf 86' lang='lat' dir='ltr'><strong>haec</strong></span> <span class='ocrx_word' id='word_1_216' title='bbox 839 1977 898 2023; x_wconf 80' lang='lat' dir='ltr'><strong>fuit.</strong></span> 
     </span>
     <span class='ocr_line' id='line_1_28' title="bbox 88 2044 898 2105; baseline -0.002 -12"><span class='ocrx_word' id='word_1_217' title='bbox 88 2050 116 2093; x_wconf 74' lang='lat'><strong>5.</strong></span> <span class='ocrx_word' id='word_1_218' title='bbox 134 2044 278 2105; x_wconf 76' lang='lat' dir='ltr'><strong>Euathlus,</strong></span> <span class='ocrx_word' id='word_1_219' title='bbox 297 2044 451 2091; x_wconf 85' lang='lat' dir='ltr'><strong>adolescens</strong></span> <span class='ocrx_word' id='word_1_220' title='bbox 471 2044 552 2101; x_wconf 82' lang='lat' dir='ltr'><strong>dives,</strong></span> <span class='ocrx_word' id='word_1_221' title='bbox 571 2045 738 2102; x_wconf 78' lang='lat' dir='ltr'><strong>eloquentiae</strong></span> <span class='ocrx_word' id='word_1_222' title='bbox 758 2045 898 2091; x_wconf 86' lang='lat' dir='ltr'><strong>discendae</strong></span> 
     </span>
     <span class='ocr_line' id='line_1_29' title="bbox 88 2111 902 2171; baseline -0.002 -11"><span class='ocrx_word' id='word_1_223' title='bbox 88 2125 279 2168; x_wconf 71' lang='lat' dir='ltr'><strong>causarumque</strong></span> <span class='ocrx_word' id='word_1_224' title='bbox 293 2111 386 2158; x_wconf 86' lang='lat' dir='ltr'><strong>orandi</strong></span> <span class='ocrx_word' id='word_1_225' title='bbox 402 2112 508 2169; x_wconf 83' lang='lat' dir='ltr'><strong>cupiens</strong></span> <span class='ocrx_word' id='word_1_226' title='bbox 520 2112 579 2157; x_wconf 87' lang='lat' dir='ltr'><strong>fnit.</strong></span> <span class='ocrx_word' id='word_1_227' title='bbox 615 2115 640 2157; x_wconf 82' lang='grc'><strong>6.</strong></span> <span class='ocrx_word' id='word_1_228' title='bbox 658 2113 722 2159; x_wconf 75' lang='lat' dir='ltr'><strong>[sin</strong></span> <span class='ocrx_word' id='word_1_229' title='bbox 733 2112 902 2171; x_wconf 78' lang='lat' dir='ltr'><strong>disciplinans</strong></span> 
     </span>
     <span class='ocr_line' id='line_1_30' title="bbox 86 2178 898 2239; baseline -0.004 -11"><span class='ocrx_word' id='word_1_230' title='bbox 86 2180 252 2239; x_wconf 81' lang='lat' dir='ltr'><strong>Protagorae</strong></span> <span class='ocrx_word' id='word_1_231' title='bbox 268 2192 324 2225; x_wconf 86' lang='lat' dir='ltr'><strong>sese</strong></span> <span class='ocrx_word' id='word_1_232' title='bbox 339 2179 418 2237; x_wconf 84' lang='lat' dir='ltr'>dedit,</span> <span class='ocrx_word' id='word_1_233' title='bbox 437 2178 606 2236; x_wconf 80' lang='lat' dir='ltr'><strong>daturumque</strong></span> <span class='ocrx_word' id='word_1_234' title='bbox 620 2180 740 2237; x_wconf 74' lang='lat' dir='ltr'><strong>promisit</strong></span> <span class='ocrx_word' id='word_1_235' title='bbox 755 2181 898 2227; x_wconf 85' lang='lat' dir='ltr'><strong>mercedem</strong></span> 
     </span>
     <span class='ocr_line' id='line_1_31' title="bbox 87 2246 898 2308; baseline 0 -14"><span class='ocrx_word' id='word_1_236' title='bbox 87 2249 216 2308; x_wconf 79' lang='lat' dir='ltr'><strong>grandem</strong></span> <span class='ocrx_word' id='word_1_237' title='bbox 230 2246 378 2306; x_wconf 87' lang='lat' dir='ltr'><strong>pecuniam,</strong></span> <span class='ocrx_word' id='word_1_238' title='bbox 397 2249 519 2303; x_wconf 87' lang='lat' dir='ltr'><strong>quantam</strong></span> <span class='ocrx_word' id='word_1_239' title='bbox 527 2246 685 2304; x_wconf 83' lang='lat' dir='ltr'><strong>Protagoras</strong></span> <span class='ocrx_word' id='word_1_240' title='bbox 700 2248 838 2306; x_wconf 81' lang='lat' dir='ltr'><strong>petiverat3</strong></span> <span class='ocrx_word' id='word_1_241' title='bbox 858 2248 898 2294; x_wconf 88' lang='lat' dir='ltr'><strong>di·</strong></span> 
     </span>
     <span class='ocr_line' id='line_1_32' title="bbox 86 2313 897 2376; baseline -0.002 -13"><span class='ocrx_word' id='word_1_242' title='bbox 86 2315 249 2373; x_wconf 81' lang='lat' dir='ltr'><strong>midiumque</strong></span> <span class='ocrx_word' id='word_1_243' title='bbox 260 2314 319 2360; x_wconf 82' lang='lat' dir='ltr'><strong>eius</strong></span> <span class='ocrx_word' id='word_1_244' title='bbox 328 2313 399 2361; x_wconf 80' lang='lat' dir='ltr'><strong>dedit</strong></span> <span class='ocrx_word' id='word_1_245' title='bbox 408 2314 460 2359; x_wconf 85' lang='lat' dir='ltr'><strong>iarn</strong></span> <span class='ocrx_word' id='word_1_246' title='bbox 469 2317 531 2360; x_wconf 91' lang='lat' dir='ltr'><strong>tunc</strong></span> <span class='ocrx_word' id='word_1_247' title='bbox 540 2314 635 2374; x_wconf 83' lang='lat' dir='ltr'><strong>rtatim,</strong></span> <span class='ocrx_word' id='word_1_248' title='bbox 646 2314 719 2371; x_wconf 87' lang='lat' dir='ltr'><strong>prius</strong></span> <span class='ocrx_word' id='word_1_249' title='bbox 729 2329 805 2375; x_wconf 83' lang='lat' dir='ltr'><strong>quam</strong></span> <span class='ocrx_word' id='word_1_250' title='bbox 814 2316 897 2376; x_wconf 80' lang='lat' dir='ltr'><strong>dirce-</strong></span> 
     </span>
     <span class='ocr_line' id='line_1_33' title="bbox 88 2380 900 2444; baseline -0.002 -13"><span class='ocrx_word' id='word_1_251' title='bbox 88 2385 147 2431; x_wconf 85' lang='lat' dir='ltr'><strong>ret:</strong></span> <span class='ocrx_word' id='word_1_252' title='bbox 167 2381 328 2442; x_wconf 73' lang='lat' dir='ltr'><strong>pepigitque,</strong></span> <span class='ocrx_word' id='word_1_253' title='bbox 341 2384 370 2427; x_wconf 93' lang='lat' dir='ltr'><strong>ut</strong></span> <span class='ocrx_word' id='word_1_254' title='bbox 378 2381 508 2439; x_wconf 88' lang='lat' dir='ltr'><strong>reliquum</strong></span> <span class='ocrx_word' id='word_1_255' title='bbox 519 2380 652 2427; x_wconf 89' lang='lat' dir='ltr'><strong>dimidium</strong></span> <span class='ocrx_word' id='word_1_256' title='bbox 664 2382 745 2444; x_wconf 86' lang='lat' dir='ltr'><strong>daret,</strong></span> <span class='ocrx_word' id='word_1_257' title='bbox 756 2397 805 2441; x_wconf 89' lang='lat' dir='ltr'><strong>qno</strong></span> <span class='ocrx_word' id='word_1_258' title='bbox 816 2383 900 2441; x_wconf 80' lang='lat' dir='ltr'><strong>primo</strong></span> 
     </span>
     <span class='ocr_line' id='line_1_34' title="bbox 91 2446 904 2507; baseline -0.004 -10"><span class='ocrx_word' id='word_1_259' title='bbox 91 2451 138 2497; x_wconf 87' lang='lat' dir='ltr'><strong>die</strong></span> <span class='ocrx_word' id='word_1_260' title='bbox 152 2463 257 2498; x_wconf 84' lang='lat' dir='ltr'><strong>causam</strong></span> <span class='ocrx_word' id='word_1_261' title='bbox 270 2449 338 2507; x_wconf 86' lang='lat' dir='ltr'><strong>apud</strong></span> <span class='ocrx_word' id='word_1_262' title='bbox 351 2446 449 2495; x_wconf 83' lang='lat' dir='ltr'><strong>iudices</strong></span> <span class='ocrx_word' id='word_1_263' title='bbox 464 2450 566 2496; x_wconf 86' lang='lat' dir='ltr'><strong>orasset</strong></span> <span class='ocrx_word' id='word_1_264' title='bbox 579 2450 606 2493; x_wconf 88' lang='lat' dir='ltr'><strong>et</strong></span> <span class='ocrx_word' id='word_1_265' title='bbox 616 2449 730 2496; x_wconf 80' lang='lat' dir='ltr'><strong>vicisset.</strong></span> <span class='ocrx_word' id='word_1_266' title='bbox 765 2453 792 2496; x_wconf 76' lang='lat' dir='ltr'><strong>t.</strong></span> <span class='ocrx_word' id='word_1_267' title='bbox 807 2447 904 2496; x_wconf 81' lang='lat' dir='ltr'><strong>Postea</strong></span> 
     </span>
     <span class='ocr_line' id='line_1_35' title="bbox 90 2516 907 2578; baseline -0.007 -13"><span class='ocrx_word' id='word_1_268' title='bbox 90 2531 152 2565; x_wconf 84' lang='lat' dir='ltr'><strong>cnm</strong></span> <span class='ocrx_word' id='word_1_269' title='bbox 162 2518 264 2564; x_wconf 85' lang='lat' dir='ltr'><strong>diutule</strong></span> <span class='ocrx_word' id='word_1_270' title='bbox 274 2517 379 2563; x_wconf 80' lang='lat' dir='ltr'><strong>auditor</strong></span> <span class='ocrx_word' id='word_1_271' title='bbox 390 2519 583 2574; x_wconf 76' lang='lat' dir='ltr'><strong>assectatorque</strong></span> <span class='ocrx_word' id='word_1_272' title='bbox 593 2516 754 2575; x_wconf 81' lang='lat' dir='ltr'><strong>Protagorae</strong></span> <span class='ocrx_word' id='word_1_273' title='bbox 764 2516 865 2578; x_wconf 69' lang='lat' dir='ltr'><strong>fuisset,</strong></span> <span class='ocrx_word' id='word_1_274' title='bbox 875 2519 907 2560; x_wconf 87' lang='lat' dir='ltr'><strong>et</strong></span> 
     </span>
     <span class='ocr_line' id='line_1_36' title="bbox 88 2577 903 2644; baseline -0.007 -12"><span class='ocrx_word' id='word_1_275' title='bbox 88 2584 119 2632; x_wconf 89' lang='lat' dir='ltr'><strong>in</strong></span> <span class='ocrx_word' id='word_1_276' title='bbox 130 2586 219 2632; x_wconf 79' lang='lat' dir='ltr'><strong>studio</strong></span> <span class='ocrx_word' id='word_1_277' title='bbox 235 2584 337 2644; x_wconf 85' lang='lat' dir='ltr'><strong>quidem</strong></span> <span class='ocrx_word' id='word_1_278' title='bbox 348 2577 483 2630; x_wconf 77' lang='lat' dir='ltr'><strong>facundiae</strong></span> <span class='ocrx_word' id='word_1_279' title='bbox 498 2583 600 2629; x_wconf 84' lang='lat' dir='ltr'><strong>abunde</strong></span> <span class='ocrx_word' id='word_1_280' title='bbox 614 2585 796 2642; x_wconf 77' lang='lat' dir='ltr'><strong>promovisset,</strong></span> <span class='ocrx_word' id='word_1_281' title='bbox 812 2593 903 2627; x_wconf 79' lang='lat' dir='ltr'><strong>causas</strong></span> 
     </span>
     <span class='ocr_line' id='line_1_37' title="bbox 87 2650 788 2711; baseline -0.009 -11"><span class='ocrx_word' id='word_1_282' title='bbox 87 2656 179 2700; x_wconf 82' lang='lat' dir='ltr'><strong>tamen</strong></span> <span class='ocrx_word' id='word_1_283' title='bbox 190 2666 246 2699; x_wconf 87' lang='lat' dir='ltr'><strong>non</strong></span> <span class='ocrx_word' id='word_1_284' title='bbox 254 2652 392 2711; x_wconf 80' lang='lat' dir='ltr'><strong>reciperet,</strong></span> <span class='ocrx_word' id='word_1_285' title='bbox 405 2653 556 2711; x_wconf 82' lang='lat' dir='ltr'><strong>tempusque</strong></span> <span class='ocrx_word' id='word_1_286' title='bbox 566 2650 617 2697; x_wconf 83' lang='lat' dir='ltr'><strong>iam</strong></span> <span class='ocrx_word' id='word_1_287' title='bbox 626 2651 729 2709; x_wconf 69' lang='lat' dir='ltr'><strong>tongue-</strong></span> <span class='ocrx_word' id='word_1_288' title='bbox 745 2656 788 2696; x_wconf 41' lang='grc' dir='ltr'><strong>ἔσθ</strong></span> 
     </span>
    </p>
   </div>
   <div class='ocr_carea' id='block_1_12' title="bbox 0 0 1043 3034">
    <p class='ocr_par' dir='ltr' id='par_1_12' title="bbox 0 0 1043 3034">
     <span class='ocr_line' id='line_1_38' title="bbox 0 0 1043 3034; baseline 0 0"><span class='ocrx_word' id='word_1_289' title='bbox 0 0 1043 3034; x_wconf 95' lang='lat' dir='ltr'><strong> </strong></span> 
     </span>
    </p>
   </div>
  </div>
 </body>
</html>
