2067 3034
298 182 379 229 121ss.
413 180 494 234 xlii.
531 182 620 230 GAP·
637 183 680 230 25.
843 178 895 229 309

89 306 164 363 capta
175 302 250 350 suntz
267 300 406 347 manubiae
424 312 488 346 vero
508 298 655 357 appellatae
677 301 737 346 sunt
752 300 862 359 pecunia
881 315 896 347 a

89 373 228 431 quaestore
242 381 277 415 ex
287 367 440 413 venditione
454 361 567 425 praedae
581 368 695 413 redacta.
729 370 772 418 2‘1.
790 371 896 416 Utrum-

89 453 140 497 que
154 450 216 496 ergo
234 434 304 481 dixit
315 436 351 480 M.
363 433 479 492 Tullius,
501 434 668 480 cumulandae
678 435 794 482 invidiae
804 436 896 495 gratia,

92 503 253 553 decemviros
263 502 404 558 ablaturos,
416 503 647 559 persecutoresque
658 504 683 547 et
692 502 822 563 praedam,
833 516 898 561 quae

91 572 208 619 nondum
224 572 294 616 esset
308 568 466 624 venundata,
486 571 512 613 et
521 568 666 629 pecuniam,
687 581 752 626 quae
761 584 795 617 ex
806 569 898 615 vendi-

91 639 166 687 tione
183 638 296 697 praedae
314 637 436 694 percepta
454 637 531 680 esset.
567 638 608 692 28.
627 637 715 694 ltaque
728 638 791 683 haec
806 636 899 682 inscri-

92 707 164 767 ptio,
184 719 260 764 quarn
271 702 380 749 videtis:
399 702 453 748 EX
470 703 556 747 MAN
564 704 683 763 UBllS,
707 701 761 750 n'on
777 717 820 749 res
836 715 897 749 cor·

91 786 207 834 poraque
223 772 281 830 ipsa
296 771 408 827 praedae
423 770 598 830 demonstrat3
618 766 699 833 (nihil
715 770 784 816 enim
797 772 898 829 captum

93 843 134 889 est
145 841 238 886 horum
251 852 266 884 a
280 838 393 883 Traiano
410 850 443 883 ex
457 833 611 901 hostibus3)
631 837 677 883 sed
688 839 757 883 tacta
768 851 824 885 esse
835 838 899 883 haec

94 911 293 966 comparataque
303 918 337 954 ex
346 904 485 965 manubiis,
501 904 527 949 id
539 906 586 964 est,
604 918 638 950 ex
646 905 757 962 pecunia
766 904 899 963 praedati-

95 975 144 1034 cia,
156 974 280 1020 declarat.
315 974 357 1017 29.
372 972 512 1017 Manubiae
523 972 593 1017 enim
602 974 672 1027 sunt,
683 971 760 1018 sicuti
770 973 821 1017 iam
832 970 898 1028 dixi,

93 1055 148 1089 non
156 1040 266 1100 praeda,
284 1038 328 1085 sed
339 1038 449 1097 pecunia
459 1052 505 1097 per
516 1041 679 1096 quaestorem
689 1038 782 1097 populi
791 1039 899 1084 Romani

94 1123 130 1157 ex
140 1109 234 1167 praeda
244 1106 351 1153 vendita
362 1108 501 1152 contracta.
538 1108 579 1152 3⁰.
595 1106 671 1160 Quod
681 1120 727 1164 per
737 1108 901 1163 quaestorem

94 1179 181 1224 autem
191 1174 256 1232 dixi,
267 1172 381 1230 intelligi
391 1177 460 1218 nunc
470 1174 573 1230 oportet
582 1175 742 1233 praefectum
752 1172 853 1219 aerario
864 1172 901 1220 si-

95 1243 223 1303 gnificari.
258 1242 324 1287 Nam
338 1253 400 1285 cura
416 1240 511 1294 aerarii
528 1254 543 1286 a
559 1241 739 1297 quaestoribus
755 1241 787 1287 ad
798 1243 901 1297 praefe-

95 1315 153 1358 ctos
163 1309 290 1356 translata
300 1310 349 1353 est.
385 1310 426 1353 31.
443 1307 492 1352 Est
506 1297 592 1353 tam'en
607 1321 785 1365 nonnusquam
796 1307 900 1354 inveni·

94 1391 137 1436 re,
156 1376 194 1423 ita
211 1375 348 1433 scripsisse
363 1374 486 1431 quosdam
495 1387 548 1420 non
559 1375 688 1433 ignobiles
699 1375 854 1435 scriptores,
873 1378 902 1421 ut

96 1447 141 1493 aut
151 1446 247 1491 temere
258 1444 302 1488 aut
314 1441 444 1487 incuriose
450 1442 582 1500 praedam
595 1455 642 1500 pro
656 1443 790 1502 manubiis,
808 1444 834 1487 et
844 1455 901 1488 mu·

98 1512 193 1559 nutias
208 1524 255 1569 pro
267 1512 374 1569 praeda
387 1508 536 1566 posuerint3
556 1512 601 1555 aut
610 1508 711 1568 tropica
720 1511 829 1568 quadam
838 1510 901 1568 tigu-

95 1593 127 1628 ra
140 1578 309 1626 mutationem
323 1575 445 1623 vocabuli
464 1577 586 1634 fecerint3
605 1578 675 1634 quod
691 1578 778 1623 tacere
794 1590 901 1625 conces·

97 1661 155 1693 sum
169 1649 208 1693 est
221 1644 286 1692 scite
300 1643 326 1689 id
342 1643 476 1703 periteque
490 1644 655 1691 iacientibus.
691 1648 732 1690 32.
756 1646 808 1691 Sed
823 1644 900 1701 enim,

97 1714 143 1772 qui
154 1712 259 1773 proprie
270 1715 346 1767 atque
356 1712 457 1771 signate
466 1710 549 1758 locuti
562 1715 633 1774 sunt,
653 1711 731 1758 sicuti
743 1712 792 1759 hoc
803 1711 830 1757 in
840 1712 900 1757 loco

95 1783 133 1828 M.
145 1781 258 1837 Tullius,
268 1781 404 1827 neanubias
413 1779 549 1838 pecuniam
557 1781 689 1827 dixerunt

338 1881 660 1965 cunur'xxv.

128 1998 203 2043 Verba
215 1998 243 2042 Ρ.
253 1996 355 2053 Nigidii,
373 1997 451 2056 quibus
466 1996 534 2047 dicit,
554 1994 678 2039 innomine
695 1994 796 2039 Valeri
809 1994 834 2037 in
848 2008 902 2037 cusu

154 2055 256 2099 vocandi
265 2054 368 2110 primam
382 2053 497 2111 syllabam
507 2057 633 2096 amendam
642 2065 698 2096 esse.-
717 2052 806 2096 etitem
814 2048 865 2093 alia
873 2064 902 2094 ex

154 2112 250 2156 eiusdem
258 2110 331 2154 vertis
340 2113 372 2153 ad
379 2116 468 2152 rectam
475 2108 615 2164 sarpam
621 2108 770 2164 pertinentia.

133 2190 157 2236 1.
176 2189 206 2234 Ρ.
216 2187 316 2246 Nigidii
330 2189 410 2233 verba
423 2186 484 2231 sunt
497 2199 532 2233 ex
548 2184 797 2232 Commentariorum
812 2183 902 2230 Gram-

97 2258 254 2305 maticorum
267 2254 391 2301 vicesimo
405 2255 508 2313 quarto,
529 2252 641 2299 bominis
655 2252 683 2297 in
696 2250 841 2308 disciplinis
856 2250 902 2297 do-

46 2323 53 2335 *
99 2325 241 2372 ctrinarum
251 2321 366 2368 omnium
375 2319 572 2378 praecellentis:
592 2320 701 2378 Deinde,
716 2318 810 2376 inquit,
824 2331 901 2365 eoca-

99 2393 168 2439 laeto
184 2394 230 2452 qui
237 2392 337 2449 poterit
353 2389 473 2444 serrari,
494 2390 518 2434 ai
529 2401 580 2431 non
593 2390 700 2433 sciemus
712 2388 739 2431 in
749 2386 901 2442 nominibus,

101 2467 131 2508 ut
153 2457 178 2505 V
179 2460 214 2505 al
218 2459 279 2514 eri,
297 2462 385 2503 atrum
394 2455 577 2514 interrogandi
586 2468 621 2499 an
631 2453 741 2500 uocandi
749 2449 821 2500 sint?
837 2452 907 2499 Nam
995 2498 1007 2518 ρ

101 2526 288 2586 interrogandi
301 2521 413 2570 seeundo
428 2522 535 2581 syllaba
551 2523 688 2580 superiore
702 2527 762 2568 tono
777 2524 817 2566 est
830 2532 908 2579 quam

98 2596 207 2655 primu,
226 2592 315 2638 deinde
329 2591 468 2637 nouissima
482 2590 616 2635 deiicitur:
639 2591 705 2634 atin
719 2602 783 2635 earu
798 2583 910 2633 vocandi

102 2674 201 2709 summo
222 2666 280 2706 tono
298 2663 340 2704 est
354 2660 462 2716 primur
482 2656 571 2702 deinde
587 2656 722 2716 gradatim
742 2655 909 2701 descendunt.

103 2730 129 2774 2.
149 2728 193 2776 Sic
207 2725 309 2785 quidem
321 2725 350 2770 P.
365 2724 487 2785 Nigidius
502 2723 556 2772 dici
569 2723 706 2784 praecipit.
742 2723 793 2769 Sed
809 2720 831 2768 si
852 2717 909 2777 quis
