2067 3034
134 134 187 191 892
392 136 499 185 sum
528 134 686 184 snum

134 262 177 306 tus
191 258 311 307 recantes
326 255 386 303 rudi
395 267 452 303 esse
463 254 531 302 faeie
542 257 568 301 et
578 254 741 324 imperfecta:
759 255 806 305 sed
822 256 959 316 deinceps

135 326 270 390 tractando
281 324 443 381 colendoque
458 322 567 370 reddere
577 323 609 368 iis
620 336 648 368 se
658 323 713 369 oris
723 325 750 369 et
757 324 850 371 vultus
860 325 958 371 linea-

134 396 231 443 menta.
264 393 289 438 4.
305 393 361 439 Hoc
370 391 455 438 virum
465 390 557 438 iudicii
567 390 732 437 subtilissimi
742 390 858 449 ingenue
870 395 959 449 atque

135 474 198 508 vere
213 458 325 513 dixisse,
343 470 400 515 res,
420 456 518 517 inquit,
541 453 610 522 {ipsa
622 453 864 520 verum1iudieium
877 459 958 508 sacis.

138 532 161 575 d.
180 530 258 587 Nam,
279 539 344 587 quae
357 524 590 584 reliquitperieeta
600 524 782 584 expolitaque,
801 526 957 585 quibusque

137 593 261 653 imposuit
281 604 372 638 census
391 593 467 648 atque
485 591 597 638 dilectus
615 591 655 636 sui
670 604 815 649 supremam
828 606 955 653 manum,
1016 602 1018 652 l

137 662 208 710 omni
216 660 335 719 poeticae
346 658 490 705 venustatis
500 658 577 703 laude
585 658 691 705 dorent:
714 662 738 704 o.
748 661 794 706 sed
803 673 872 718 quae
886 674 956 719 pro..
1017 679 1018 682 ¹

136 728 278 776 orastinata
288 729 348 772 sunt
357 726 387 770 eb
398 723 444 786 eo,x
453 728 485 770 ut
495 727 556 782 post
563 731 774 787 recenserentur,
791 731 818 773 st
827 728 951 786 absolvi,
1017 763 1018 770 ,

137 794 261 854 quoniam
278 806 348 839 mor-s
366 794 559 849 praeverteret,
579 791 759 853 nequiverunt,
778 807 952 852 nequaquem

135 863 271 924 podtarum
282 858 470 918 elegantissimi
479 858 585 905 nomiae
593 862 669 915 atque
676 859 773 907 iudicio
781 861 861 919 digna
871 865 949 908 sunt.

134 932 159 975 t.
179 931 268 987 ltaque
279 941 344 986 enm,
359 928 450 973 morbo
463 938 612 984 oppressus,
628 925 767 974 adventare
780 931 894 974 mortem
906 929 949 974 vi·

135 997 221 1052 deret,
240 995 333 1058 petivit
346 993 481 1053 oravitque
495 992 575 1041 asnis
585 1005 749 1042 amicissimis
763 1008 896 1057 impense,
917 998 950 1042 ut

134 1064 260 1120 Aeneida,
280 1075 355 1119 quam
363 1060 478 1109 nondum
487 1060 551 1108 satis
561 1060 736 1124 dimovisset,
751 1062 899 1109 abolerent.
919 1067 945 1109 8.
1016 1057 1019 1110 i

134 1131 314 1189 linimentum,
334 1128 430 1185 inquit,
450 1139 514 1186 quae
529 1126 649 1173 videntur
658 1128 796 1175 retractari
805 1132 832 1175 et
843 1130 946 1189 corrigi
1016 1157 1018 1190 q

135 1198 263 1254 debuisse,
274 1197 297 1242 is
306 1196 418 1243 maxime
428 1195 502 1242 lusus
513 1196 560 1249 est,
567 1195 613 1251 qui
623 1195 654 1240 de
663 1198 751 1243 monte
761 1198 846 1242 Aetna
856 1198 944 1245 faetus

134 1270 183 1312 est.
218 1266 284 1311 Nam
295 1275 350 1310 eum
359 1260 465 1311 Pindari
475 1261 572 1307 veteris
582 1263 674 1319 poetae
684 1276 800 1325 carmen,
819 1265 891 1322 quod
908 1266 941 1312 de

136 1336 228 1379 setim
237 1334 263 1378 et
273 1329 409 1389 flagrantia
418 1328 513 1374 montis
523 1328 580 1374 eins
595 1330 765 1387 compositum
774 1333 828 1386 est,
850 1345 941 1379 aemu-

134 1400 186 1446 lari
195 1399 290 1457 vellet,
304 1396 433 1445 eiusmodi
442 1395 584 1443 sententias
593 1398 620 1441 et
629 1398 707 1444 verba
716 1398 824 1445 molitus
836 1402 891 1455 est,
911 1401 940 1447 ut

135 1467 248 1514 Pindaro
259 1477 360 1522 quoque
371 1464 436 1522 ipso,
443 1463 487 1520 qui
496 1462 573 1508 nimis
581 1462 667 1521 opima
677 1464 820 1524 pinguique
830 1480 888 1514 esse
901 1469 941 1513 fa-

136 1532 229 1581 cundia
245 1532 409 1579 existimatus
422 1534 475 1589 est,
494 1530 654 1576 insolentior
664 1531 713 1578 Ιιοσ
724 1532 828 1590 quidem
839 1533 867 1579 in
877 1534 939 1581 loeo

134 1598 310 1655 tumidiorque
321 1597 365 1644 sit.
397 1601 421 1643 s.
432 1599 516 1654 Atque
526 1596 564 1642 uti
575 1598 756 1656 vosmetipsos,
766 1600 861 1659 inquit,
872 1601 938 1663 eius,

135 1668 203 1726 quod
214 1666 280 1725 dico,
291 1664 403 1713 arbitros
414 1664 515 1723 fseiam,
528 1677 630 1712 carmen
642 1665 757 1723 Pindari,
767 1667 835 1724 quod
846 1671 886 1714 est
895 1683 939 1715 sa-

134 1750 181 1796 per
190 1736 277 1781 monte
287 1734 383 1789 Aetna,
394 1731 551 1789 quantulum
558 1731 623 1778 mibi
632 1732 772 1781 memoriae
783 1735 937 1793 est-dicam:

169 1800 222 1855 Τᾶς
232 1793 378 1866 ἐρεύγονται
387 1797 435 1861 μὲν
444 1791 529 1844 ἀπλά-
583 1839 587 1852 ,

201 1881 250 1915 του
260 1859 340 1931 πυρὸς
349 1858 490 1930 ἁγνόταται

166 1937 192 1984 ἐκ
201 1931 394 1999 supernupsit·
411 1926 527 1994 ποταμοὶ

199 1997 225 2050 d'
238 1998 253 2048 ἆ
274 2001 372 2066 έραισιν
380 1997 427 2062 μὲν
436 1993 646 2063 προχέοντι·ρόον
655 1997 751 2048 καπνοῦ

166 2072 253 2118 αἴθων
274 2082 280 2097 ·
299 2060 359 2115 dli'
370 2066 397 2112 is
407 2061 540 2129 ὄρφναισιν
549 2065 645 2129 πέτραι·

166 2137 286 2203 φοίνισσα
295 2130 461 2195 κυλινδομένα
472 2128 536 2196 φλὸξ
546 2133 570 2184 ἐς
579 2134 680 2196 βαθεῖ-

201 2219 232 2251 αν
241 2203 312 2287 φέρει
320 2193 417 2247 πόντου
427 2195 511 2247 πλάκα
522 2196 567 2246 σὺν
579 2193 694 2263 πατάγῳ.

165 2271 249 2319 Κεῖνο
260 2268 275 2317 d
296 2264 441 2332 Ἁφαίστοιο
452 2262 576 2332 κρουνοὺς
586 2261 692 2333 ἑρπετὸν

167 2331 331 2387 δεινοτάτους
340 2328 456 2395 ἀναπέμ-

201 2415 256 2448 πει·
273 2403 348 2464 τέρας
356 2399 404 2462 μὲν
415 2395 566 2461 θαυμάσιον
576 2399 698 2467 προσιδέ-

201 2468 279 2545 σθαιἔ
289 2466 384 2543 θαῦμα
394 2463 423 2512 di
433 2465 475 2514 nal
484 2462 594 2532 παριόν-

202 2545 383 2578 τωνακουσαι.

136 2604 176 2649 lo.
193 2599 288 2645 Audite
298 2610 376 2655 nanc,
388 2597 479 2657 inquit,
494 2600 601 2659 Virgilii
612 2617 711 2669 versus,
725 2619 789 2666 quos
800 2606 932 2655 inchoasse

135 2681 193 2714 eum
203 2666 291 2713 verius
303 2662 423 2721 dixerim,
434 2678 508 2721 quam
518 2669 625 2716 fecisse:
