2067 3034
329 150 391 198 ΗΒ
418 151 486 198 vll.
522 152 601 198 cal).
623 153 646 199 1.
838 148 889 201 163

87 269 195 317 matrem
205 266 261 315 eius
272 266 316 315 diu
325 268 442 316 sterilem
453 268 630 316 existimatam
640 269 757 327 tradnot;
768 270 888 321 Publium

87 349 191 393 quoque
201 334 357 396 Scipionem,
369 350 426 382 eum
435 350 484 393 quo
494 340 575 395 nupta
585 339 649 397 erat,
659 337 757 383 liberos
768 338 889 397 despera-

87 402 168 449 visse.
205 404 229 449 3.
246 403 340 449 Postea
358 402 386 448 in
405 402 526 449 cubiculo
546 407 621 460 atque
638 404 749 450 inlecto
764 406 889 468 mulieris,

88 483 146 516 cum
156 469 262 516 absente
272 470 365 517 marito
379 470 474 516 cubans
488 470 546 516 sola
554 470 733 529 obdormisset,
750 471 834 518 visum
844 473 888 519 r‘e-

88 538 166 596 pente
178 531 259 599 [esse]
272 536 347 583 iuxta
356 551 412 584 eam
423 539 516 583 cubare
531 537 662 595 ingentem
672 550 796 598 anguem3
815 554 889 586 oam-

89 617 149 662 que,
163 603 197 648 iis
208 604 252 661 qui
264 604 381 650 viderant
391 603 490 651 territis
501 605 526 649 et
537 605 706 651 clamantibus
716 605 839 664 elapsum,
849 608 891 654 in·

88 669 176 722 reniti
186 669 239 716 uon
249 671 347 729 quisse:
366 672 393 718 id
407 671 491 728 ipsum
501 672 531 717 Ρ.
541 671 689 730 Scipionem
698 671 731 717 ad
739 672 891 732 haruspices

89 736 226 785 retulisse:
248 752 306 798 eos,
322 738 448 784 sacrificio
460 740 539 797 tacto,
553 739 733 798 respondisse,
751 741 808 787 tore
818 746 847 787 nt
857 741 892 787 li-

89 803 148 851 beri
158 803 335 863 gignerentur.
354 807 378 849 l.
385 807 475 862 Neque
485 805 574 851 multis
584 805 674 852 diebus
684 808 831 865 post‚quam
841 809 891 855 ille

91 871 183 929 anguis
197 871 308 918 inlecto
324 871 396 918 visos
411 874 463 931 est,
482 872 616 920 mulierem
635 873 752 931 coepisse
772 874 891 934 concepti

90 940 176 985 foetus
190 938 266 996 signa
280 941 355 995 atque
369 952 472 985 sensum
484 940 553 997 pati:
575 939 670 985 exinde
684 953 771 987 mense
790 941 891 989 decimo

89 1005 236 1084 peperisse,
245 1007 384 1064 natumque
394 1018 451 1052 esse
461 1005 529 1052 huuc
538 1007 566 1052 P
577 1006 892 1066 ScipionemAirieanum,

90 1072 136 1131 qui
150 1071 322 1119 Hannibalem
335 1075 361 1118 et
374 1056 621 1131 Carthaginiensem¹
613 1088 642 1119 ru
656 1073 746 1121 Africa
759 1076 830 1122 bello
841 1078 893 1123 Pn-

90 1140 152 1187 nieo
162 1139 276 1187 secundo
288 1139 360 1186 vicit.
395 1143 419 1185 5.
438 1141 489 1186 Sed
505 1144 532 1186 et
545 1155 604 1187 eum
617 1139 746 1218 impendio
761 1143 842 1201 magis
856 1156 893 1191 ex

90 1209 170 1254 rebus
184 1206 279 1265 gestis,
298 1221 371 1264 quam
382 1219 415 1253 ex
425 1206 474 1253 illo
486 1210 588 1253 ostento
595 1240 603 1267 ‚
622 1208 708 1254 virum
718 1222 774 1255 esse
787 1210 891 1256 virtutis

91 1272 196 1320 divinae
217 1274 343 1320 creditum
361 1276 410 1319 est.
447 1278 470 1319 6.
489 1274 518 1319 ld
537 1276 615 1321 etiarn
630 1275 715 1322 dicere
729 1274 797 1320 baud
809 1277 892 1336 piget,

81 1335 161 1399 ‘quod
170 1340 249 1387 iidem
258 1341 309 1398 illi,
329 1354 393 1398 quos
403 1354 480 1398 supra
492 1341 634 1401 nominavi,
654 1340 738 1388 literis
752 1343 893 1390 mandave-

89 1408 154 1468 rint,
173 1408 322 1466 Scipionem
334 1408 403 1454 huuc
416 1408 567 1454 Africanum
580 1408 729 1455 solitavisse
744 1410 829 1456 noetis
844 1424 893 1457 er-

89 1478 188 1533 tremo,
203 1475 275 1534 prius
285 1488 359 1532 quam
372 1475 537 1535 dilucularet,
551 1476 578 1521 in
588 1475 744 1535 Capitolium
755 1477 891 1536 ventitare,

90 1556 121 1589 ac
135 1541 226 1589 iubere
243 1541 339 1600 aperiri
354 1542 447 1588 cellam
459 1542 543 1600 lovis,
561 1545 637 1600 atque
650 1542 686 1590 ibi
698 1544 783 1590 solum
793 1544 837 1591 diu
846 1545 892 1591 de-

89 1608 202 1672 morari,
216 1610 290 1667 quasi
300 1610 489 1656 consultantem
501 1610 533 1655 de
543 1610 676 1668 republica
685 1624 742 1657 cnm
752 1613 826 1670 iove3
847 1625 893 1657 ae·

91 1676 231 1734 dituosque
243 1676 299 1722 eius
308 1675 398 1735 templi
409 1689 485 1734 saepe
496 1689 553 1723 esse
563 1677 715 1733 demiratos,
730 1679 797 1735 quod
807 1678 893 1724 solum

89 1743 119 1790 id
129 1743 255 1802 temporis
266 1742 452 1802 incapitolium
461 1744 651 1802 ingredientem
661 1758 748 1805 canes,
755 1759 854 1803 semper
864 1745 893 1791 in

91 1811 161 1859 alios
172 1811 329 1869 saevientes,
334 1823 416 1867 neque
427 1811 555 1857 latrarent
564 1825 621 1858 eum
627 1825 710 1868 neque
718 1811 891 1858 incurrerent.

90 1880 116 1924 ’1.
136 1880 190 1925 llas
201 1877 273 1936 vulgi
282 1879 312 1924 de
323 1877 445 1936 Scipione
455 1878 593 1936 opiniones
603 1879 751 1926 confirmare
761 1880 835 1936 atque
846 1892 892 1936 ap·

89 1946 202 2005 probare
217 1945 370 1992 videbantur
385 1945 453 1992 dicta
468 1947 586 2004 factaque
602 1945 658 1992 eius
674 1946 796 2003 pleraque
809 1944 893 1991 adrni-

91 2011 183 2059 randa.
217 2013 260 2059 Ex
274 2012 366 2071 quibus
381 2014 513 2059 estonum
522 2013 710 2060 huiuscemodi.
746 2016 770 2059 8.
786 2013 893 2059 Asside-

90 2080 136 2127 bat
146 2079 359 2138 oppugnabatque
369 2078 490 2137 oppidum
499 2080 528 2125 in
538 2079 672 2138 Hispania,
683 2081 735 2127 situ
744 2080 894 2126 moenibus·

91 2160 143 2204 que
159 2160 190 2192 ac
199 2145 378 2193 defensoribus
389 2146 504 2192 validum
513 2149 539 2193 et
547 2145 682 2203 munitum,
695 2161 725 2194 re
735 2147 813 2194 etiarn
822 2147 893 2193 ciba·

90 2213 133 2261 ria
143 2212 289 2271 copiosum:
299 2214 424 2271 nullaque
433 2214 490 2261 eius
499 2213 620 2272 potiundi
630 2228 688 2273 spes
699 2217 764 2262 erat.
783 2216 819 2263 Et
828 2227 893 2272 quo-

92 2280 151 2327 dam
162 2280 204 2327 die
219 2280 259 2327 ius
270 2281 300 2327 in
310 2281 402 2328 castris
412 2281 505 2328 sedens
516 2281 628 2329 dicebat:
649 2284 725 2341 atque
740 2296 772 2330 ex
788 2296 819 2329 eo
833 2282 893 2327 loco

90 2347 120 2395 id
130 2347 254 2406 oppidum
263 2349 355 2407 procul
365 2346 504 2395 visebatur.
540 2352 564 2394 9.
582 2349 648 2395 Tum
661 2364 676 2396 e
691 2348 830 2405 militibus,
848 2348 894 2406 qui

90 2414 122 2462 in
131 2413 191 2463 inre
200 2416 268 2475 apud
278 2430 335 2463 eom
346 2416 457 2474 stabant,
471 2415 644 2474 interrogavit
653 2415 779 2474 quispiam
795 2430 828 2477 ex
839 2428 895 2461 mo-

90 2495 135 2542 re,
149 2482 177 2529 in
187 2497 262 2541 quem
273 2483 341 2529 diem
350 2483 486 2540 locumque
500 2482 675 2529 vadimonium
688 2483 807 2542 promitti
821 2483 895 2530 iube·

90 2552 142 2597 ret.
178 2551 219 2597 1⁰.
237 2551 271 2596 nt
281 2549 370 2608 Scipio
380 2564 482 2597 manum
491 2551 524 2596 ad
534 2550 616 2608 ipsam
626 2549 729 2608 oppidi,
744 2549 813 2608 quod
823 2546 894 2596 obsi-

5 2667 15 2688 „
91 2617 215 2675 debatur,
234 2630 319 2664 arcem
331 2616 501 2676 protendens:
524 2616 665 2671 Perendie,
680 2617 776 2674 inquit,
790 2629 847 2663 sess
858 2613 894 2659 si.-

90 2687 164 2734 stant
174 2684 221 2732 illo
230 2683 258 2733 in
267 2684 336 2732 loco.
367 2686 451 2743 Atque
461 2684 499 2732 ita
510 2686 614 2731 tactum.
632 2685 690 2795 bui
709 2684 759 2731 Die
769 2682 856 2742 tertio,
866 2680 894 2725 ln
