2067 3034
142 187 196 241 til
398 188 504 236 AUlsl
539 188 699 236 GELlall

169 372 284 429 &napta
296 368 447 427 mucclam»
454 369 585 414 Alexandri
596 370 657 426 regis
671 367 836 414 curbabunt
841 368 952 427 phs’loso·

193 429 240 488 plui
248 429 285 473 s'ta
292 427 328 471 uti
335 433 388 470 must
395 426 470 470 editu:
489 440 559 485 caque
567 426 592 469 in
602 426 706 481 linguam
714 426 827 470 Latinum
837 441 915 471 uma.

175 509 201 554 l.
220 502 469 564 Commentationum
479 516 584 549 suornm
592 503 746 561 artiumque,
756 517 822 561 quos
832 504 951 563 discipu·

140 574 176 622 lis
186 571 312 632 tradebat,
320 570 479 617 Aristoteles
489 570 637 630 philippum,
647 572 719 630 regis
728 571 879 619 Alexandri
894 586 951 619 sna·

140 642 234 702 gistcr,
250 639 313 685 duas
322 636 423 697 species
432 638 553 685 babuisse
563 637 667 685 dicitur.
700 639 861 697 Aliaerant,
881 652 951 698 qnae

142 707 293 756 nominabat
306 695 448 767 ἔξωτερικά,
469 704 535 764 alia,
551 718 616 763 quae
630 706 780 763 appellabat
794 699 950 770 ἀιροατικᾰ.

141 780 167 823 2.
180 766 334 836 Ἕξωτερικά
346 771 510 828 dicebantur,
524 786 588 828 quae
598 773 631 818 od
640 772 784 820 rhetoricae
794 773 949 821 meditatio-

141 855 198 900 nes,
209 840 409 897 facultatemque
420 839 587 899 argutiarum,
602 840 769 899 civiliumque
779 854 869 887 rerum
877 841 950 887 noti·

142 910 206 956 tiam
215 908 402 954 conducebant.
439 898 722 966 murmurationem
732 910 905 967 vocabantur,
921 907 948 955 in

142 975 235 1035 quibus
254 974 419 1033 philosophia
438 973 565 1018 remotior
588 974 761 1034 subtiliorque
780 974 947 1034 agitabatur;

142 1056 258 1103 quaeque
277 1039 310 1087 nd
327 1046 436 1087 naturae
455 1040 689 1098 contemplationes
708 1041 948 1100 disceptationesve

143 1110 294 1157 dialecticas
305 1108 476 1167 pertinebant.
510 1108 537 1152 4.
555 1107 623 1153 Huic
633 1107 801 1168 disciplinae,
821 1122 900 1168 quam
910 1109 950 1156 di·

142 1178 174 1226 xi
184 1169 346 1241 ἇκροατικήν,
362 1180 461 1232 tempus
473 1175 638 1221 exercendae
645 1175 722 1222 labet
732 1176 762 1222 in
769 1176 855 1236 Lycio
865 1182 949 1222 matu·

143 1245 238 1292 tinum:
262 1255 310 1288 nec
319 1243 353 1287 ad
372 1254 427 1287 eam
441 1254 586 1298 quenquam
600 1245 697 1290 temere
712 1243 877 1303 admittebat,
897 1243 950 1290 nisi

143 1325 252 1371 quorum
263 1312 323 1356 ante
333 1308 474 1368 ingenium,
485 1312 512 1354 et
522 1309 678 1356 eruditionis
690 1310 914 1370 elementa‚atque
923 1311 950 1357 in

143 1378 268 1426 discendo
280 1376 391 1423 studium
401 1376 567 1434 laboremque
578 1378 755 1435 explorasset.
773 1382 797 1424 5.
809 1378 875 1425 lllas
886 1391 948 1425 vero

143 1438 293 1509 diovepsncic
313 1440 482 1508 {auditiones,
500 1443 706 1504 exercitiumque
721 1441 837 1509 dicendi}
857 1447 949 1493 eodem

141 1513 240 1561 inloco
252 1511 353 1570 vesperi
364 1512 484 1570 iaciebat,
495 1525 589 1570 easque
600 1511 677 1569 vulgo
688 1512 826 1560 iuvenibus
836 1513 895 1560 sine
906 1513 949 1560 de·

141 1582 212 1629 lectu
225 1580 375 1637 praebebat3
393 1581 470 1636 atque
487 1591 545 1625 eum
555 1571 667 1624 δειλινὸν
675 1578 818 1643 περίπατον
827 1581 949 1639 appella-

142 1649 195 1707 bat,
207 1646 283 1693 illum
293 1646 402 1692 alterum
413 1658 491 1704 supra
500 1640 626 1705 iudanom
644 1650 756 1706 utroque
768 1648 837 1695 enim
846 1652 948 1708 tempo·

141 1729 171 1764 re
182 1714 316 1762 ambulans
326 1713 479 1760 disserebat.
515 1717 540 1759 o.
557 1713 651 1761 Libros
661 1727 763 1773 quoque
773 1727 843 1775 suos,
857 1729 948 1764 earum

141 1795 229 1831 rerum
245 1779 361 1829 omnium
371 1782 585 1837 commentarios,
605 1794 723 1830 seorsum
734 1783 838 1839 divisit,
857 1779 889 1829 sit
900 1783 949 1831 alii

141 1849 288 1914 liuceptnot
298 1848 453 1906 dicerentur,
463 1847 557 1906 partim
566 1840 726 1910 ἄκροατικοί.
759 1853 783 1896 t.
802 1852 877 1906 Quos
890 1866 949 1898 cunr

142 1919 171 1967 in
179 1919 273 1978 vulgus
283 1919 314 1964 ab
324 1928 356 1962 eo
367 1915 451 1963 editos
460 1928 510 1963 rex
520 1916 671 1963 Alexander
679 1918 858 1977 cognovisset,
869 1922 949 1978 atque

142 2000 175 2035 ea
183 1985 336 2044 tempestate
346 1983 424 2031 amia
434 1981 603 2040 exercituque
614 1996 714 2032 omnem
724 1985 900 2044 propeAsiam
911 1990 950 2034 te·

141 2057 230 2113 neret,
247 2065 384 2111 regemque
399 2052 484 2110 ipsum
492 2050 599 2097 uarium
615 2051 722 2109 proeliis
736 2056 763 2099 et
772 2052 894 2100 victoriis
904 2067 950 2100 ur-

141 2122 230 2183 geret,
248 2119 278 2166 in
290 2119 346 2165 illia
359 2121 446 2165 tamen
454 2118 661 2177 tantis‘negotiia
671 2119 763 2165 literas
773 2120 805 2164 ad
814 2120 949 2168 Aristote-

36 2233 52 2250 ,
141 2188 196 2235 lem
203 2187 345 2246 misit,non
354 2199 412 2231 enm
418 2185 489 2232 reite
500 2186 603 2244 iecisse,
613 2186 682 2243 qnod
691 2186 845 2245 disciplinas
855 2200 949 2235 seros.

141 2255 218 2315 ticas,
228 2252 320 2312 quibus
331 2254 361 2300 ab
372 2265 404 2299 eo
415 2251 473 2312 ipse
482 2254 600 2301 eruditus
610 2255 687 2311 foret,
696 2254 774 2303 libris
783 2255 858 2301 toras
868 2255 953 2304 editis

142 2321 318 2379 invulgasset:
342 2322 366 2365 8.
376 2320 445 2365 Nuus
454 2335 520 2381 pau,
534 2319 632 2380 inquit,
645 2323 703 2368 aliu
714 2327 898 2381 repraestare
908 2338 950 2371 ec·

142 2389 208 2433 teris
220 2389 378 2444 poterimus,
396 2387 421 2433 si
430 2400 478 2443 eo,
497 2401 566 2448 qaue
576 2402 611 2435 ex
620 2395 646 2435 te
655 2390 816 2448 accepisses,
835 2393 950 2438 umus·

139 2448 332 2512 prorsusficnt
339 2452 505 2501 communia?
542 2456 644 2515 Quippe
653 2471 698 2516 ego
708 2457 832 2504 doctrina
841 2460 950 2505 anteire

142 2518 240 2575 malim,
250 2531 329 2578 quom
339 2521 421 2577 copiis
431 2526 511 2581 atque
521 2524 670 2580 opulentiis.
697 2523 841 2581 Rescripsit
851 2524 878 2571 ei
887 2525 950 2572 Ari·

143 2583 253 2631 stoteles
265 2582 372 2630 adbanc
381 2587 547 2633 sententiam:
576 2592 600 2635 9.
614 2588 770 2639 Acrooticos
780 2592 875 2648 libros,
883 2605 950 2652 quot

142 2649 228 2696 editos
242 2651 373 2709 quereris,
394 2658 421 2697 ct
432 2667 484 2700 noa
494 2657 606 2713 perinde
621 2664 651 2703 at
660 2671 763 2704 arcana
773 2659 951 2718 absconditos,

141 2725 225 2776 nepae
233 2716 315 2764 editoe
323 2717 387 2764 trito
396 2730 546 2781 essemque
554 2736 606 2770 non
615 2737 629 2770 e
637 2725 714 2785 litos5
728 2728 848 2786 qaom'sens
859 2728 893 2777 iic
905 2740 951 2776 so-
