2067 3034
59 123 61 130 Χ
150 151 200 202 aaa
403 152 513 200 nunt
548 152 726 200 onnnrr·

150 283 208 322 cum
218 282 253 319 ex
264 269 369 318 colonia
379 271 471 329 populi
481 270 596 319 Romani
606 270 654 332 sit,
667 285 722 319 non
732 273 759 319 et
768 286 797 319 se
807 274 973 332 municipem

150 354 217 393 esse.
228 343 254 386 et
265 339 405 397 populares
417 352 478 385 suus
487 339 632 398 municipes
642 340 693 386 sibi
703 353 761 387 esse
772 340 861 387 dieat?
887 342 972 395 Quod

152 415 193 457 est
203 419 218 454 a
230 406 372 468 rationeet
384 407 493 453 veritate
504 408 583 466 longe
594 421 723 454 aversum.
759 411 783 455 3.
804 408 851 455 Sic
861 409 935 454 adeo
946 414 973 456 et

151 473 295 533 municipia
305 473 380 533 quid,
396 476 423 529 et
432 487 484 531 que
495 473 553 521 iure
564 476 626 536 sint,
647 479 822 535 quantumque
832 491 849 522 a
860 476 973 523 colonis

153 544 284 597 differant,
301 541 463 600 ignoramus:
481 543 728 602 existimamusque,
746 543 861 591 meliore
877 544 973 590 eondi-
1014 543 1016 593 i

151 613 228 660 tione
238 622 296 656 esse
306 608 434 669 colonias,
445 623 522 668 quarn
530 611 681 669 municipia.
717 614 743 656 4.
762 612 801 657 De
817 611 894 657 cuius
912 612 973 670 opi·

143 677 240 727 'aionis
250 679 303 723 tara
311 677 458 736 promiscae
469 678 602 725 erroribus
612 679 695 725 Divus
705 677 855 724 Hadrianus
866 679 895 725 in
908 693 971 726 ora·

151 748 236 801 tione,
247 757 323 802 quam
332 745 371 791 De
382 745 575 805 Italicensibus,
583 745 650 792 unde
662 747 717 805 ipse
729 749 803 792 ortus
814 746 875 806 tuit,
887 746 919 792 in
929 759 970 794 se·

150 812 328 867 natulrabuit,
349 812 507 871 peritissime
522 813 659 859 disseruit:
676 813 820 870 mirarique
831 827 860 860 se
871 817 966 861 osten-

152 883 199 939 uit,
214 881 284 942 quod
294 882 321 927 et
329 880 381 940 ipsi
391 879 553 935 Italicenses,
571 884 598 927 et
607 882 732 938 quaedam
742 880 805 926 item
815 881 872 927 alla
880 882 970 928 muni-

151 951 223 1010 cipia
242 947 363 1008 antiqua,
383 945 518 1006 inquibus
534 948 669 994 Uticenses
687 949 820 1007 nominat,
840 964 899 995 eum
913 949 969 995 suis

146 1018 267 1066 snoribus
281 1016 433 1075 legibusque
447 1012 488 1061 uti
498 1019 619 1075 possent,
639 1015 667 1062 in
681 1016 723 1062 ius
734 1015 901 1072 coloniarum
911 1015 968 1063 mu.

152 1086 205 1135 tari
219 1084 383 1144 gestiverint.
419 1085 442 1128 b.
464 1082 649 1130 Praenestinos
660 1088 745 1142 autern
757 1085 838 1132 relert
847 1084 968 1131 maxima

152 1160 268 1214 operes
282 1151 388 1198 'liberio
407 1151 566 1208 imperatore
585 1151 683 1210 petisse
702 1145 863 1212 orasseque,
882 1155 914 1197 ut
932 1164 966 1199 ex

147 1221 259 1269 'colonia
278 1219 305 1265 in
325 1218 458 1284 municipii
480 1221 576 1264 statum
594 1215 789 1279 redigerentur:
809 1219 888 1277 idque
909 1220 968 1282 illis

149 1288 285 1336 Tiberium
294 1300 341 1345 pro
353 1285 493 1333 referenda
504 1285 589 1345 gratia
600 1285 735 1343 tribuisse,
754 1286 824 1343 quod
835 1287 862 1331 in
874 1300 967 1334 eorurn

148 1357 259 1414 tinibus,
278 1355 325 1401 sub
336 1354 393 1411 ipso
405 1353 513 1413 oppido,
533 1363 568 1400 ex
579 1353 685 1413 capitali
696 1356 786 1400 morbo
797 1353 965 1401 revaluisset.

150 1429 177 1470 a.
195 1421 342 1481 Municipes
352 1435 414 1481 ergo
426 1424 487 1468 sunt
497 1421 568 1467 cives
579 1420 688 1467 Romani
699 1435 733 1468 ex
743 1421 910 1480 municipiis,
925 1423 964 1467 le-

152 1493 227 1550 gibus
236 1490 291 1535 suis
302 1491 328 1535 et
342 1502 390 1536 suo
402 1490 460 1537 iure
474 1491 593 1546 utentes,
612 1489 727 1536 muneris
738 1494 838 1536 tantum
849 1504 907 1538 curn
918 1504 964 1547 po·

149 1560 215 1618 pulo
227 1559 343 1604 Romano
354 1558 490 1606 honorarii
500 1558 652 1618 participes,
666 1569 742 1615 aquo
752 1571 861 1603 munere
874 1570 963 1615 capes-

102 1685 104 1688 ,
152 1625 234 1673 sendo
246 1624 373 1684 appellati
385 1626 513 1682 videntur,
525 1627 608 1673 nullis
619 1625 680 1672 aliis
690 1625 902 1681 necessitatibus,
917 1639 962 1672 ne-

152 1708 202 1753 que
214 1692 269 1739 ulla
278 1693 486 1751 populiRomani
496 1696 556 1755 lege
567 1694 681 1754 astricti,
703 1707 760 1740 cum
775 1703 906 1750 nunqnam
917 1706 962 1751 po·

149 1763 230 1822 pulus
241 1771 331 1806 eorum
342 1763 437 1808 fundus
448 1763 531 1809 iaetus
546 1766 593 1807 est.
629 1765 653 1809 i.
671 1761 772 1807 Primos
784 1765 870 1807 autern
880 1760 963 1805 unmi-

153 1830 225 1889 cipes
240 1828 297 1874 siue
308 1828 428 1887 suffragii
439 1830 495 1876 iure
509 1830 626 1876 Caerites
638 1843 695 1876 esse
708 1829 791 1875 laetos
803 1828 963 1885 acecpimus:

151 1909 355 1954 concessumque
370 1897 441 1957 iltis,
461 1901 491 1943 ut
502 1897 617 1943 civitatis
628 1898 759 1943 Romanae
769 1897 895 1943 bonorem
906 1895 961 1953 qni·

152 1968 211 2012 dem
224 1968 360 2022 caperent,
379 1963 424 2011 sed
433 1964 549 2025 negotiis
565 1967 651 2011 tamen
666 1967 742 2023 atque
753 1964 876 2010 oneribus
889 1975 961 2009 vaca·

150 2036 224 2093 rent,
248 2043 296 2091 pra
315 2031 396 2078 saeris
414 2031 487 2080 bello
507 2032 613 2078 Gallico
632 2032 746 2092 receptis
765 2030 961 2087 custoditisque.

151 2101 220 2147 llins
235 2100 340 2147 tabulae
355 2100 472 2147 Caerites
489 2100 653 2160 appellatae,
672 2113 749 2148 versa
766 2099 837 2154 viee,
856 2098 885 2143 in
899 2111 960 2155 quas

152 2180 275 2215 censores
289 2168 384 2214 reterri
399 2168 538 2224 iubebant,
558 2181 622 2224 quos
638 2171 717 2214 notae
732 2180 810 2213 eausa
831 2165 960 2223 suffragiis

99 2264 101 2268 -
152 2235 301 2295 privabant.
340 2233 442 2283 8.'Sed
461 2235 631 2281 Coloniarum
648 2235 703 2281 alia
720 2231 887 2280 necessitudo
907 2238 959 2291 est;

152 2316 207 2349 non
218 2302 287 2349 enim
296 2302 407 2349 veniunt
415 2303 582 2350 extrinsecus
594 2304 621 2348 in
632 2302 778 2359 civitatem,
795 2315 843 2347 nec
854 2300 907 2346 suis
918 2313 960 2346 ra·

154 2369 254 2415 dicibus
264 2369 394 2429 nituntur,
413 2370 461 2416 sed
476 2382 509 2417 ex
523 2370 629 2417 civitate
639 2370 713 2428 quasi
724 2371 880 2428 propagatae
890 2372 958 2425 sunt,

155 2439 182 2481 et
192 2434 250 2480 iura
260 2434 431 2494 institutaque
442 2437 529 2484 omnia
539 2438 630 2496 populi
641 2436 763 2492 Romani,
778 2449 832 2481 non
843 2434 884 2481 sui
894 2436 963 2482 arbi-

155 2500 202 2548 trii
211 2500 314 2548 habeut.
351 2505 375 2546 d.
392 2504 467 2556 Quae
477 2508 563 2550 tamen
574 2504 699 2562 conditio,
714 2517 771 2549 cum
781 2502 816 2548 sit
824 2501 906 2559 magis
916 2504 962 2548 ob·

154 2565 238 2614 noxia
248 2565 368 2612 dminus
384 2567 481 2629 libera,
496 2571 585 2628 potior
594 2575 681 2618 tamen
690 2573 716 2618 et
725 2568 905 2629 praestabilior
914 2581 961 2615 ex-

155 2632 300 2690 istimatur,
317 2636 424 2689 propter
436 2637 634 2693 amplitudinem
649 2639 861 2693 maiestatemque
871 2635 959 2694 populi

154 2700 264 2748 Romani
270 2733 277 2760 ,
295 2697 367 2746 euius
377 2700 444 2747 istae
454 2703 577 2752 coloniae
588 2705 662 2763 quasi
672 2706 769 2765 effigies
777 2715 873 2764 parvae
885 2702 958 2749 simu-
