2067 3034
338 128 419 200 ιιιιζ
441 131 537 201 xvir.
574 136 722 202 cnam.
828 143 830 150 '
882 147 931 203 405

129 271 257 319 Eudoxus
277 272 424 330 astrologus
447 270 475 317 in
493 272 563 318 terra
581 270 691 319 Graecia
708 261 861 319 nobilitatos
881 276 933 319 est:

129 339 379 396 Lacedaemoniique
391 341 421 385 ab
433 339 638 387 Atheniensibus
649 340 716 397 apud
728 340 880 387 Corinthum
888 352 932 384 su-

130 406 223 466 perati,
239 407 302 452 duce
313 406 479 453 Phormione:
506 409 549 452 24.
560 410 586 453 et
594 409 631 452 Μ.
641 406 757 452 Manlius
766 407 874 468 Romae,
888 406 933 464 qui

132 474 223 519 Gallos
234 473 262 519 in
272 473 406 520 obsidione
419 474 552 534 Capitolii,
567 476 719 531 obrepentes
731 474 876 533 perardua,
887 473 933 518 de-

130 540 242 600 pulerat,
263 541 397 587 convictus
412 544 464 601 est,
487 540 625 587 consilium
640 542 671 586 de
685 554 766 599 regno
782 541 931 598 occupando
958 558 960 562 ·

130 607 220 665 inisse,
232 608 412 666 damnatusque
423 608 524 668 eapitis,
536 622 549 655 e
560 621 625 654 saxo
637 608 757 668 Tarpeio,
768 609 797 654 ut
806 610 931 654 M.Varro

130 674 179 730 ait,
189 688 311 733 praeceps
322 676 396 722 datus
407 678 458 722 est:
478 678 508 722 ut
520 676 657 723 Cornelius
672 677 756 721 autem
766 678 854 734 Nepos
866 675 943 722 scri-¹

130 745 202 799 ptum
211 742 326 801 reliquit,
340 743 499 789 verberando
510 747 616 789 necatus
628 745 675 789 est.
710 746 752 789 25.
769 744 860 801 quue
871 743 930 801 ipso

130 822 215 864 anno,
235 810 279 867 qui
294 814 349 855 erat
362 814 421 868 post
430 813 607 868 recuperatam
616 813 706 856 urbem
716 811 851 868 septimus,
871 811 932 856 Ari-

129 877 252 922 stotelem
263 877 442 935 philosophum
452 879 541 923 natum
551 890 616 940 esse,
634 876 774 924 memoriae
784 878 931 924 mandatum

130 946 180 989 est
215 946 257 989 26.
276 944 384 1001 Aliquot
399 944 491 991 deinde
504 945 579 989 annis
588 946 648 1003 post
658 945 756 990 bellum
765 946 929 1005 Senonicum,
981 979 982 982 ,

129 1011 247 1058 Thebani
255 1012 490 1072 Lacedaemonios,
507 1012 569 1057 duce
581 1011 769 1070 Epaminonda,
786 1012 852 1070 apud
862 1012 929 1058 Leu-

130 1082 185 1124 ctra
203 1083 401 1137 superaverunt:
427 1082 468 1125 27.
487 1092 517 1124 ac
532 1078 604 1124 brevi
619 1080 678 1137 post
692 1082 809 1136 tempore
823 1079 850 1124 in
865 1082 930 1124 urbe

29 1149 32 1152 '
128 1146 210 1191 Roma
220 1146 380 1204 legeLicinii
387 1145 504 1193 Stolonis
515 1146 637 1192 consules
648 1145 732 1191 creari
742 1145 821 1191 etiam
830 1159 863 1191 ex
874 1146 930 1203 ple·

129 1212 160 1257 he
172 1211 333 1270 ooepti‚'cun1
344 1216 418 1261 antea
427 1215 466 1260 ius
476 1226 529 1260 non
540 1214 617 1273 esset,
632 1213 685 1259 nisi
695 1226 727 1260 ex
737 1212 856 1271 patriciis
866 1226 931 1271 gen-

128 1278 208 1338 tibus,
219 1279 273 1324 ieri
285 1280 414 1325 consules.
441 1284 482 1327 28.
494 1280 569 1326 Circa
579 1294 673 1326 annum
683 1280 775 1327 deinde
784 1279 856 1326 urbis
867 1292 931 1325 oon-

130 1344 199 1392 ditae
210 1345 486 1404 quadringentesimum
497 1346 640 1405 Philippus,
650 1349 775 1406 Amyntae
785 1347 931 1405 filiuqsle.

131 1411 226 1458 xandri
235 1414 317 1473 pater,
326 1426 433 1471 regnum
442 1414 612 1459 Macedoniae
622 1415 729 1472 adeptus
739 1415 791 1461 est:
812 1414 888 1472 inque
899 1427 930 1460 eo

132 1481 248 1537 tempore
259 1480 408 1526 Alexander
417 1482 492 1526 natus
503 1484 556 1527 est:
575 1482 617 1526 29.
632 1481 771 1540 paucisque
782 1480 842 1526 inde
854 1480 929 1526 annis

131 1547 192 1605 post
201 1546 275 1592 Plato
285 1546 456 1605 philosophus
467 1546 500 1592 ad
508 1548 664 1607 Dionysium
675 1547 782 1595 Siciliae
792 1550 930 1608 tyrannum

129 1613 300 1672 posteriorem
311 1615 443 1673 profectus
454 1617 501 1661 est.
512 1615 929 1673 30.Posideindealiquautotem-

129 1693 194 1739 pore
206 1681 342 1740 Philippus
354 1682 419 1740 apud
430 1681 605 1729 Chaeroneam
620 1682 722 1741 proelio
738 1695 831 1741 magno
847 1681 929 1728 Athe.

129 1745 236 1796 nieuses
247 1749 318 1794 vicit.
347 1751 385 1795 31.
397 1751 461 1795 Tum
471 1750 657 1797 Demosthenes
667 1752 756 1796 orator
766 1762 798 1796 ex
809 1762 840 1795 eo
851 1761 928 1807 proe-

129 1814 169 1861 lio
178 1817 288 1863 salutem
299 1817 360 1875 fuga
369 1815 509 1877 quaesivit3
530 1831 636 1875 cumque
647 1817 707 1862 id
685 1831 722 1876 er,
738 1817 807 1873 quod
817 1818 929 1875 fugerat,

129 1886 257 1961 probrose
265 1884 433 1944 obiiceretur,
444 1897 522 1930 versu
533 1883 582 1929 illo
592 1884 728 1940 notissimo
740 1883 831 1930 clusit·

158 1943 242 2012 Ἀνὴρ,
253 1945 369 2008 inquit,
357 1945 481 2013 οφείιγων
494 1966 536 1996 και
528 1944 621 1995 πάλιν
630 1944 782 2013 μαχήσεται.

132 2017 173 2063 32.
190 2018 284 2065 Postea
297 2017 433 2077 Philippus
448 2032 482 2065 ex
497 2017 600 2064 insidiis
615 2018 755 2075 occiditur3
775 2019 801 2063 et
811 2018 930 2063 Alexan-

131 2084 184 2142 der,
194 2098 300 2144 regnum
311 2085 426 2145 adeptus,
442 2085 475 2132 ad
485 2086 641 2144 subigendos
652 2084 761 2130 Persas'
755 2099 782 2130 ιιι
791 2085 879 2131 Asiam
890 2089 930 2131 at-

130 2152 227 2209 quein
250 2154 381 2199 Orientem
400 2155 575 2211 transgressus
595 2155 642 2198 est.
686 2154 726 2197 33.
751 2152 826 2198 Alter
844 2156 928 2197 autem

129 2219 293 2276 Alexander,
314 2220 354 2265 eui
367 2222 562 2279 cognomentum
572 2220 691 2265 Molosso
702 2219 764 2275 fuit,
783 2219 810 2264 in
825 2218 929 2264 ltaliam

129 2285 213 2343 venit,
229 2287 325 2334 bellum
336 2288 433 2345 populo
445 2288 558 2333 Romano
571 2290 699 2343 facturus3
720 2286 772 2331 ism
784 2285 851 2331 enim
861 2288 928 2331 fama

129 2352 266 2411 virtusque
281 2353 415 2400 felicitatis
425 2355 555 2400 Romanae
570 2354 638 2413 apud
653 2355 758 2399 exteras
769 2356 860 2411 gentes
871 2352 928 2397 eni·

128 2421 228 2467 teseere
239 2421 414 2479 incoeptasset,
433 2422 478 2467 sed
488 2420 569 2483 prius,
580 2434 654 2500 quam
663 2420 758 2466 bellum
771 2422 876 2477 faceret,
888 2419 928 2466 vi·
1006 2463 1008 2468 .

130 2489 155 2532 to
166 2488 285 2536 decessit.
321 2488 387 2534 Eum
397 2489 554 2547 Molossum,
574 2502 630 2534 curn
644 2486 671 2532 in
686 2486 788 2532 ltaliam
796 2486 928 2543 transiret,

117 2611 120 2616 Ι
130 2551 228 2601 dixisse
238 2556 395 2615 accepimus,
413 2569 440 2601 se
451 2554 553 2613 quidem
558 2556 594 2604 ad
604 2554 750 2601 Romanos
743 2569 807 2633 m&
817 2553 891 2611 quasi
900 2553 928 2598 in

130 2613 296 2685 &adpositam
316 2623 502 2670 Maeedonem'
495 2637 548 2670 isse
560 2623 593 2669 ad
602 2624 704 2683 Persas,
716 2622 790 2679 quasi
799 2622 827 2667 in
838 2634 928 2682 γυναι·

129 2692 238 2738 κωνῖτιν.
272 2693 312 2740 34.
329 2691 425 2739 Postea
433 2691 542 2739 Macedo
552 2690 703 2742 Alexander
713 2690 839 2752 pleraque
853 2689 926 2747 parte
