2067 3034
283 90 463 171 'u1a.v1.
497 124 641 170 crura.
824 120 877 173 sss

71 240 188 299 emplum
198 234 432 304 [ast1necessaria,
446 241 477 287 ut
489 240 571 287 ceteri
581 253 598 285 a
607 239 737 287 similibus
752 242 876 301 peccatis,

70 322 140 366 quae
151 307 283 365 prohiberi
293 306 432 366 publicitus
442 307 560 364 interest,
566 309 637 353 metu
647 307 767 365 cognitae
777 322 877 366 poenae

63 377 263 438 deterreantur.
304 373 404 422 ldcirco
421 377 523 420 veteres
537 387 638 431 quoque
654 374 740 419 nostri
754 377 877 436 exernpla

71 456 120 501 pro
134 441 258 488 maximis
273 440 483 499 gravissimisque
499 440 591 499 poeuis
607 440 733 486 dicebantz
770 443 877 495 Quando

61 508 154 570 ¹igitur
164 512 209 554 aut
220 521 278 567 spes
286 521 380 566 magna
390 510 438 567 est,
450 510 479 567 ut
488 507 521 566 is,
531 507 575 565 qui
589 508 719 566 peccavit,
736 507 801 554 citra
813 522 878 567 poe,-

63 589 133 638 ‚nam
144 576 200 635 ipse
211 588 270 621 sese
280 575 351 621 ultro
363 574 489 633 corrigat:
509 578 555 621 aut
568 588 627 632 spes
642 577 732 620 contra
745 576 820 620 nulla
830 580 878 632 cst,
945 625 949 635 ⁸

62 642 207 697 ‚emendari
218 655 277 689 eum
287 654 363 699 posse
377 644 403 687 et
418 641 527 700 corrigi:
547 644 593 687 aut
605 641 730 687 iacturam
744 642 879 701 dignitatis

73 710 148 768 aius,
167 708 195 754 in
209 723 283 766 quem
296 710 429 765 peccatum
444 712 497 764 est,
515 708 596 756 metui
610 722 664 754 non
676 722 810 755 necessum
827 714 880 756 est:

62 779 183 824 :autnon
193 775 220 820 id
231 778 362 834 peccatum
374 778 423 833 est,
434 775 508 821 cuius
520 775 640 833 exemplo
650 776 799 823 necessario
809 782 881 823 metu

62 842 278 898 ‚succurrendum
288 842 334 887 sit:
355 845 422 898 tum,
438 842 563 901 quidquid
573 842 609 888 ita
620 841 743 888 delictum
753 846 807 899 est,
825 855 882 895 nou

64 923 138 966 ‚sane
159 909 272 967 dignum¹
284 922 341 955 csse
361 909 531 968 imponendae
550 922 650 967 poenae
670 910 781 955 studium
796 911 879 957 visum

75 980 123 1022 est.
160 980 184 1021 5.
203 977 258 1022 llas
272 978 326 1022 tres
340 976 483 1022 ulciscendi
499 976 618 1023 rationes
635 978 661 1021 et
670 976 820 1035 philosophi
830 978 880 1025 alii

74 1041 247 1103 plurifariam,
255 1045 281 1088 ct
289 1045 484 1090 nosterTsurus
494 1041 523 1107 in
533 1043 616 1101 primo
628 1042 879 1103 commentariorum,

74 1123 141 1167 quos
156 1110 185 1155 in
197 1110 318 1168 Gorgiam
329 1110 445 1157 Plutonis
457 1110 617 1172 composuit,
638 1110 749 1168 scriptas
763 1111 878 1168 reliquit.

75 1179 100 1223 a.
122 1176 199 1223 Plato
222 1180 308 1224 autem
330 1177 387 1236 ipse
416 1177 502 1223 verbis
525 1178 623 1236 apertis
649 1177 711 1223 duas
731 1177 801 1223 solas
820 1191 879 1226 esse

63 1244 201 1302 puniendi
216 1258 306 1290 causas
322 1244 396 1290 dicit:
415 1259 508 1303 unam,
528 1258 601 1302 quam
617 1244 701 1303 primo
712 1243 739 1291 iu
749 1246 808 1291 loco
818 1258 880 1305 pro·

74 1313 134 1370 pter
149 1311 342 1370 corrigendum,
361 1312 482 1373 alteram,
501 1326 576 1369 quam
590 1312 617 1357 in
628 1311 705 1358 tertio
716 1314 822 1370 propter
831 1325 880 1361 ex-

64 1371 155 1436 'enrpli
163 1381 258 1425 metum
268 1378 409 1437 posuimus.
444 1381 469 1424 i.
486 1379 573 1425 Verba
583 1381 643 1424 suut
650 1380 714 1425 haec
723 1379 859 1426 Platonis
852 1394 880 1427 ur

77 1444 189 1503 Gorgia.
204 1440 336 1509 Προσήκει
345 1442 373 1491 dl
384 1443 459 1490 παντὶ
472 1461 507 1506 τῳ
495 1443 544 1489 ἐν
545 1437 690 1555 πτιμωρίᾳ
676 1460 731 1490 οντι
742 1441 775 1491 sin
776 1440 880 1492 ἄλλον

76 1504 174 1589 ὀρθῶς
181 1527 206 1556 τι
207 1507 393 1589 Ιιιιιρουμένῳ
377 1527 400 1587 ⁹¹.
405 1509 518 1569 βελτίονι
527 1510 657 1574 γίνεσθαι,
677 1527 720 1557 και
711 1505 878 1591 ὀνίνασθαι,

75 1594 93 1639 η
82 1527 283 1657 ”νιαράδειγμάἰ
284 1593 309 1623 τι
319 1581 374 1630 τοῖς
384 1571 472 1631 ἄλλοις
481 1577 638 1655 placebat,
631 1576 673 1625 ι’να
683 1573 783 1625 ἄλλοι
769 1578 880 1643 optines

73 1639 210 1704 πάσχοντα
230 1639 247 1690 ἃ
266 1640 322 1691 ἂν
315 1639 417 1703 πάσχοι,
438 1638 599 1709 φοβούμενοι
616 1643 777 1708 βελτιόυςί
748 1662 877 1708 ysuvcus.

74 1715 100 1757 8.
120 1715 151 1757 ln
170 1711 241 1757 hisce
260 1712 345 1761 verbis
361 1713 439 1759 facile
454 1712 588 1772 intelligas
602 1712 729 1777 τιμωρίαν
742 1715 880 1760 Platonem

74 1778 188 1836 dixisse,
199 1792 262 1837 non,
277 1782 307 1825 ut
316 1792 394 1837 supra
403 1779 496 1840 scripsi
488 1780 629 1839 quosdam
639 1781 734 1837 dicere,
748 1781 794 1827 sed
803 1780 841 1826 ita
850 1782 880 1828 ut

72 1845 206 1905 promisce
221 1845 273 1891 dici
288 1847 367 1903 solet,
386 1861 433 1906 pro
444 1848 514 1894 omni
524 1848 669 1905 punitione.
705 1851 729 1894 9.
747 1850 822 1894 Anne
834 1861 879 1894 au-

72 1916 130 1972 tem·
137 1913 212 1971 quasi
222 1914 326 1959 omnino
337 1928 441 1972 parram
451 1917 477 1960 et
486 1920 616 1961 contemtu
625 1914 727 1973 dignam
736 1914 879 1973 praeterie-

72 1980 108 2026 rit
119 1993 221 2040 poenae
236 1981 375 2034 sumendae
391 1994 490 2033 causam
506 1987 612 2040 propter
623 1982 742 2027 tuendam
753 1981 818 2027 laesi
830 1981 879 2034 ho.-

71 2047 152 2094 minis
163 2047 351 2104 auctoritatem,
361 2062 393 2093 an
403 2048 493 2109 magis,
504 2049 578 2105 quasi
588 2048 621 2107 ei,
636 2062 711 2105 quam
721 2048 830 2105 dicebat,
838 2047 880 2094 rei

71 2128 127 2161 non
137 2114 312 2162 necessariam
322 2116 535 2172 praetermiserit,
550 2131 607 2163 cum
622 2115 651 2160 de
667 2113 767 2173 poeuis,
777 2128 836 2162 non
851 2114 879 2161 in

72 2183 138 2240 vita,
148 2195 232 2239 neque
243 2181 310 2226 inter
319 2182 446 2242 homines,
457 2182 502 2228 sed
512 2187 573 2240 post
582 2181 651 2229 vitae
662 2185 763 2242 tompus
774 2181 879 2241 capien-

73 2248 113 2295 dis
124 2249 262 2310 scriberet,
273 2247 359 2306 egoin
368 2249 480 2295 medium
490 2248 620 2308 relinquo.

336 2368 521 2420 CAPUT
555 2367 622 2423 XV.
703 2419 706 2424 ,

107 2450 222 2498 Deserto
233 2449 364 2511 quiesco,
376 2452 607 2510 cuotienscumque
618 2468 649 2495 an
654 2438 756 2509 prodisti
763 2453 849 2506 debeat.

108 2532 132 2576 1.
143 2530 251 2576 Amicus
261 2531 358 2587 noster,
369 2529 445 2576 homo
455 2529 531 2576 multi
540 2530 619 2576 studii
629 2533 705 2589 atque
714 2530 742 2576 in
751 2532 878 2577 bonarum

71 2597 272 2655 disciplinarum
288 2610 367 2654 opere
382 2598 515 2654 frequens,
536 2599 641 2643 verbum
655 2596 876 2658 quiescitusitate,

5 2665 8 2684 “
69 2664 177 2720 elitcra
186 2666 317 2725 correpta,
329 2662 405 2711 dixit.
439 2665 557 2718 2.‚Alter
566 2664 629 2715 item
638 2664 747 2726 amicus,
762 2663 839 2709 homo
851 2663 878 2711 iu
