2067 3034
228 165 231 168 ·
305 141 401 194 'ma
419 146 468 194 IV.
504 146 586 194 CAP.
606 148 646 204 ld·
837 148 890 200 121

93 280 192 315 uersum
202 267 262 314 deos
271 267 386 324 ingrati:
406 272 432 311 et
441 277 542 327 cepaea,
556 265 731 325 relinquamus
740 268 888 323 nebulonem

9 347 12 354 ’
92 337 258 392 honestamus
268 348 335 389 nunc
342 334 461 391 protinus
470 333 531 379 Ioci
538 335 634 390 optimo
644 337 757 381 neurimo
766 338 890 393 gratulu-

92 409 150 448 tum.
185 407 210 448 4.
229 401 258 447 ld
269 415 325 448 cum
335 398 460 454 dixisset,
475 399 584 458 avertit,
604 403 631 447 et
639 399 678 447 ire
688 401 720 447 ad
732 390 889 459 Capitoliinn

92 468 184 528 coepit.
222 471 245 515 5.
264 468 329 513 Tum
339 466 429 513 concio
441 466 571 525 universa,
581 481 645 525 quae
655 468 688 513 ad
697 468 850 515 senteutiam
860 471 891 518 da

92 536 212 594 Scipione
222 535 354 582 ferendam
364 537 534 591 convenerat,
547 534 642 581 relicto
653 535 771 592 tribuno,
788 537 891 595 Scipio-

88 618 146 650 ueiu
161 604 189 648 iu
203 602 361 660 Capitolium
375 601 509 662 comitato,
530 603 606 658 atque
620 603 681 648 inde
695 603 726 649 ad
741 604 819 650 aedes
832 605 890 652 eius

90 683 144 717 urm
166 668 270 716 laetitia
292 671 318 716 et
340 668 517 727 gratulatione
539 669 661 715 sollemni
683 675 821 728 prosecuta
840 676 889 719 est.

21 757 29 770 .
89 742 113 785 d.
129 737 225 783 Fertur
235 736 313 783 etiam
324 736 416 792 oratio,
427 749 490 793 quae
500 735 606 783 videtur
615 736 702 783 habita
712 751 743 784 eo
755 738 796 784 die
807 753 822 784 a
832 739 890 787 Sci·

28 815 31 820 “
86 806 180 865 pione;
201 808 240 865 et,
255 803 300 860 qui
310 803 400 850 dicunt
410 816 465 848 eam
474 816 528 850 nou
537 816 637 861 veram,
650 818 702 850 nou
712 809 774 852 eunt
783 805 887 869 infitias,

86 872 148 930 quin
162 871 226 917 haec
241 870 344 928 quidem
357 872 435 917 verba
450 869 560 930 fuerint,
580 885 645 927 quae
661 871 727 923 dixi,
746 872 895 930 Scipionis·

86 943 111 985 l.
122 942 185 984 Item
196 938 270 983 aliud
279 939 318 983 est
327 938 423 995 iactum
433 937 490 984 eius
500 938 669 995 praeclarum.
691 938 819 985 Poetilius
829 940 887 997 qui-

87 1007 150 1064 dam,
166 1007 283 1052 tribunus
295 1004 389 1064 plebei,
404 1006 525 1064 adinton,
539 1007 569 1050 ut
578 1003 660 1061 aiunt,
676 1007 784 1060 catone,
798 1005 886 1052 inimi.

85 1088 116 1121 co
127 1072 269 1131 Scipionis,
281 1073 443 1129 comparatus
452 1071 480 1119 in
490 1085 549 1118 eum
559 1075 636 1128 atque
646 1072 775 1118 immissus
785 1073 886 1119 deside·

85 1143 159 1188 rabat
169 1136 298 1186 iu'senatu
308 1138 509 1199 instantissime,
525 1142 554 1185 ut
563 1139 690 1196 pecuniae.
699 1139 886 1197 Antiochenae,

85 1208 262 1269 praedaeque,
286 1219 351 1262 quae
363 1220 394 1252 eo
405 1206 433 1251 iu
443 1206 513 1252 bello
526 1209 600 1264 copta
611 1211 676 1268 erat,
690 1208 818 1253 rationem
827 1207 888 1253 red.
899 1217 901 1222 ⁴

83 1277 166 1323 deret.
202 1276 226 1319 8.
245 1273 341 1319 Fuerat
355 1271 423 1320 euim
432 1274 461 1318 L.
473 1273 590 1331 Scipioni
598 1273 726 1333 Asiatico,
741 1274 817 1322 fratri
827 1288 886 1331 suo,

83 1340 249 1401 imperatori,
269 1340 299 1387 iu
313 1353 344 1387 ea
358 1340 493 1399 provincia
502 1340 614 1398 legatus.
650 1345 673 1387 9.
691 1341 729 1387 lbi
740 1341 828 1400 Scipio
840 1356 888 1390 ex·

83 1410 184 1468 surgit5
208 1410 248 1467 et,
268 1408 373 1466 prolato
388 1422 401 1454 e
416 1407 474 1453 sinu
490 1410 567 1465 togae
580 1407 664 1465 libro,
682 1409 797 1457 rationes
813 1409 839 1456 iu
855 1423 886 1457 eo

8 1517 13 1537 ‚
83 1476 197 1536 scriptas
212 1488 270 1522 esse
285 1474 353 1521 dixit
372 1475 455 1521 oriiuis
472 1476 598 1532 pecuniae
612 1474 746 1533 omnisque
765 1476 887 1534 praedae:

85 1544 284 1596 ld.allatum‚ut
294 1542 378 1601 palem
387 1542 543 1588 recitaretur
554 1544 580 1587 et
589 1542 622 1587 ad
631 1543 760 1589 aerarium
770 1543 887 1590 deferre·

82 1614 136 1658 tur.
162 1612 204 1657 11.
212 1609 264 1655 Sed
274 1608 340 1655 enim
352 1608 379 1655 id
389 1609 440 1654 iam
449 1622 501 1660 nori
512 1607 613 1667 faciam,
621 1608 712 1669 inquit,
723 1624 771 1656 nee
780 1624 820 1655 sue
831 1610 886 1668 ipae

82 1678 194 1726 afficiam
208 1676 372 1721 contumelia.
409 1678 448 1721 12.
466 1676 584 1731 Eumque
597 1676 693 1724 librum
703 1676 790 1723 statim
801 1690 887 1726 coram

80 1745 192 1794 discidit
202 1744 256 1789 suis
267 1743 382 1790 manibus
394 1745 419 1788 et
429 1742 589 1800 concerpsit,
604 1757 681 1801 aegre
691 1757 793 1802 passus,
809 1745 888 1802 quod,

80 1812 127 1858 eui
146 1812 220 1860 solus
235 1809 339 1868 imperii
353 1823 383 1856 ac
397 1809 556 1867 reipublicae
570 1815 675 1868 accepta
694 1811 756 1858 ferri
773 1811 890 1873 deberet,

78 1878 213 1927 sationem
222 1876 347 1937 pecuniae
357 1876 531 1937 praedaticiae
540 1880 700 1936 posceretur.

334 2043 521 2094 CAPUT
556 2042 642 2094 XIX.

78 2122 83 2131 ’
111 2132 174 2182 qim
185 2131 220 2174 Μ.
234 2131 309 2177 Varro
324 2135 347 2179 in
356 2135 504 2193 Logistorico
514 2136 631 2193 sorpserit
641 2139 667 2179 ‹lc
676 2140 814 2181 recoderumlo
826 2135 887 2180 victu

134 2193 261 2245 puerorum
270 2191 399 2248 irripudium.

114 2285 141 2330 1.
158 2284 259 2332 Pueros
273 2285 417 2345 impuberes
433 2288 591 2346 compertum
604 2289 657 2348 est,
671 2286 694 2332 si
704 2286 817 2344 plurimo
828 2287 885 2333 cibe

76 2349 216 2418 nimioque
227 2366 318 2400 somno
324 2352 475 2412 uterentur,
493 2354 642 2401 hebetiores
655 2354 724 2407 fieri,
743 2355 774 2400 ad
784 2354 886 2401 veterui

75 2431 166 2475 usque
181 2422 226 2465 aut
240 2421 309 2467 eluci
323 2421 485 2479 tarditatem
503 2434 664 2479 corporaque
683 2434 773 2467 eorum
791 2420 888 2480 impro-

78 2499 143 2531 cera
156 2486 226 2543 fieri,
242 2486 377 2548 minusque
392 2488 551 2534 adolescere.
587 2491 611 2533 2.
630 2488 701 2533 idem
711 2488 830 2545 plerique
840 2486 889 2532 alii

73 2552 242 2602 medicorum
256 2554 532 2613 philosophorumque,
551 2556 623 2612 etith
635 2556 718 2600 Varro
729 2555 756 2600 iu
765 2555 888 2612 Logisto-

71 2619 136 2665 rico
147 2620 264 2678 scripsit,
279 2621 324 2680 qui
333 2622 473 2679 inscriptus
485 2624 525 2668 est
536 2623 615 2682 Cato,
629 2623 674 2667 aut
682 2621 714 2667 de
723 2621 815 2669 liberis
825 2620 888 2667 edu·

73 2686 181 2742 caudis,
200 2729 213 2738 ,,
