<?xml version="1.0" encoding="UTF-8"?>
<!DOCTYPE html PUBLIC "-//W3C//DTD XHTML 1.0 Transitional//EN"
    "http://www.w3.org/TR/xhtml1/DTD/xhtml1-transitional.dtd">
<html xmlns="http://www.w3.org/1999/xhtml" xml:lang="en" lang="en">
 <head>
  <title>
</title>
<meta http-equiv="Content-Type" content="text/html;charset=utf-8" />
  <meta name='ocr-system' content='tesseract 3.04.00' />
  <meta name='ocr-capabilities' content='ocr_page ocr_carea ocr_par ocr_line ocrx_word'/>
</head>
<body>
  <div class='ocr_page' id='page_1' title='image "auligelliinocte04gellgoog_0029.png"; bbox 0 0 2067 3034; ppageno 0'>
   <div class='ocr_carea' id='block_1_1' title="bbox 309 171 893 228">
    <p class='ocr_par' dir='ltr' id='par_1_1' title="bbox 309 171 893 228">
     <span class='ocr_line' id='line_1_1' title="bbox 309 171 893 228; baseline 0.007 -4"><span class='ocrx_word' id='word_1_1' title='bbox 309 176 389 225; x_wconf 76' lang='grc' dir='ltr'><strong>ΗΒ.</strong></span> <span class='ocrx_word' id='word_1_2' title='bbox 415 174 438 224; x_wconf 82' lang='grc' dir='ltr'><strong>Ι.</strong></span> <span class='ocrx_word' id='word_1_3' title='bbox 482 177 573 227; x_wconf 74' lang='grc' dir='ltr'><strong>ΟΛΡ.</strong></span> <span class='ocrx_word' id='word_1_4' title='bbox 600 174 641 228; x_wconf 81' lang='lat'><strong>12.</strong></span> <span class='ocrx_word' id='word_1_5' title='bbox 856 171 893 228; x_wconf 81' lang='lat'><strong>21</strong></span> 
     </span>
    </p>
   </div>
   <div class='ocr_carea' id='block_1_2' title="bbox 82 298 984 566">
    <p class='ocr_par' dir='ltr' id='par_1_2' title="bbox 82 298 984 566">
     <span class='ocr_line' id='line_1_2' title="bbox 83 298 892 362; baseline 0 -13"><span class='ocrx_word' id='word_1_6' title='bbox 83 298 252 349; x_wconf 81' lang='lat' dir='ltr'><strong>domicilium</strong></span> <span class='ocrx_word' id='word_1_7' title='bbox 265 300 294 347; x_wconf 91' lang='lat' dir='ltr'><strong>iu</strong></span> <span class='ocrx_word' id='word_1_8' title='bbox 307 300 387 347; x_wconf 84' lang='lat' dir='ltr'><strong>ltalia</strong></span> <span class='ocrx_word' id='word_1_9' title='bbox 398 313 452 348; x_wconf 90' lang='lat' dir='ltr'><strong>non</strong></span> <span class='ocrx_word' id='word_1_10' title='bbox 464 298 586 362; x_wconf 83' lang='lat' dir='ltr'><strong>haberet,</strong></span> <span class='ocrx_word' id='word_1_11' title='bbox 600 302 628 349; x_wconf 94' lang='lat' dir='ltr'><strong>et</strong></span> <span class='ocrx_word' id='word_1_12' title='bbox 640 301 816 350; x_wconf 85' lang='lat' dir='ltr'><strong>excusandam</strong></span> <span class='ocrx_word' id='word_1_13' title='bbox 825 299 892 359; x_wconf 88' lang='lat' dir='ltr'><strong>eius,</strong></span> 
     </span>
     <span class='ocr_line' id='line_1_3' title="bbox 82 367 984 429; baseline 0.001 -14"><span class='ocrx_word' id='word_1_14' title='bbox 82 368 425 428; x_wconf 82' lang='lat' dir='ltr'><strong>quiliberostreshaberet.</strong></span> <span class='ocrx_word' id='word_1_15' title='bbox 454 371 477 414; x_wconf 81' lang='grc'><strong>9.</strong></span> <span class='ocrx_word' id='word_1_16' title='bbox 496 367 578 429; x_wconf 85' lang='lat' dir='ltr'><strong>Virgo</strong></span> <span class='ocrx_word' id='word_1_17' title='bbox 591 369 680 416; x_wconf 86' lang='lat' dir='ltr'><strong>autem</strong></span> <span class='ocrx_word' id='word_1_18' title='bbox 688 367 804 416; x_wconf 83' lang='lat' dir='ltr'><strong>Vestalis</strong></span> <span class='ocrx_word' id='word_1_19' title='bbox 813 367 893 416; x_wconf 87' lang='lat' dir='ltr'><strong>simul</strong></span> <span class='ocrx_word' id='word_1_20' title='bbox 981 368 984 375; x_wconf 76' lang='lat'><em>&#39;</em></span> 
     </span>
     <span class='ocr_line' id='line_1_4' title="bbox 83 433 892 495; baseline -0.002 -12"><span class='ocrx_word' id='word_1_21' title='bbox 83 440 124 483; x_wconf 90' lang='lat' dir='ltr'><strong>est</strong></span> <span class='ocrx_word' id='word_1_22' title='bbox 137 438 216 494; x_wconf 87' lang='lat' dir='ltr'><strong>capta</strong></span> <span class='ocrx_word' id='word_1_23' title='bbox 230 439 312 492; x_wconf 87' lang='lat' dir='ltr'><strong>atque</strong></span> <span class='ocrx_word' id='word_1_24' title='bbox 323 435 351 481; x_wconf 88' lang='lat' dir='ltr'><strong>iu</strong></span> <span class='ocrx_word' id='word_1_25' title='bbox 360 435 455 481; x_wconf 87' lang='lat' dir='ltr'><strong>atrium</strong></span> <span class='ocrx_word' id='word_1_26' title='bbox 463 435 560 482; x_wconf 88' lang='lat' dir='ltr'><strong>Vestae</strong></span> <span class='ocrx_word' id='word_1_27' title='bbox 571 435 682 484; x_wconf 80' lang='lat' dir='ltr'><strong>deducta</strong></span> <span class='ocrx_word' id='word_1_28' title='bbox 691 437 718 483; x_wconf 85' lang='lat' dir='ltr'><strong>et</strong></span> <span class='ocrx_word' id='word_1_29' title='bbox 726 433 892 495; x_wconf 78' lang='lat' dir='ltr'><strong>pontificibus</strong></span> 
     </span>
     <span class='ocr_line' id='line_1_5' title="bbox 83 497 894 566; baseline -0.001 -16"><span class='ocrx_word' id='word_1_30' title='bbox 83 502 185 555; x_wconf 74' lang='lat' dir='ltr'><strong>traditu¹</strong></span> <span class='ocrx_word' id='word_1_31' title='bbox 197 497 276 566; x_wconf 87' lang='lat' dir='ltr'><strong>[est];</strong></span> <span class='ocrx_word' id='word_1_32' title='bbox 291 516 322 548; x_wconf 90' lang='lat' dir='ltr'><strong>eo</strong></span> <span class='ocrx_word' id='word_1_33' title='bbox 337 502 426 548; x_wconf 85' lang='lat' dir='ltr'><strong>statim</strong></span> <span class='ocrx_word' id='word_1_34' title='bbox 438 504 554 560; x_wconf 86' lang='lat' dir='ltr'><strong>tempore</strong></span> <span class='ocrx_word' id='word_1_35' title='bbox 569 502 626 550; x_wconf 85' lang='lat' dir='ltr'><strong>siue</strong></span> <span class='ocrx_word' id='word_1_36' title='bbox 640 501 849 562; x_wconf 76' lang='lat' dir='ltr'><strong>emancipatione</strong></span> <span class='ocrx_word' id='word_1_37' title='bbox 863 514 894 549; x_wconf 81' lang='lat' dir='ltr'><strong>aa</strong></span> 
     </span>
    </p>
   </div>
   <div class='ocr_carea' id='block_1_3' title="bbox 21 567 894 1502">
    <p class='ocr_par' dir='ltr' id='par_1_3' title="bbox 21 567 894 1502">
     <span class='ocr_line' id='line_1_6' title="bbox 83 567 894 629; baseline -0.001 -12"><span class='ocrx_word' id='word_1_38' title='bbox 83 571 140 617; x_wconf 88' lang='lat' dir='ltr'><strong>sinc</strong></span> <span class='ocrx_word' id='word_1_39' title='bbox 151 568 248 627; x_wconf 86' lang='lat' dir='ltr'><strong>capitis</strong></span> <span class='ocrx_word' id='word_1_40' title='bbox 256 568 401 616; x_wconf 82' lang='lat' dir='ltr'><strong>minutione</strong></span> <span class='ocrx_word' id='word_1_41' title='bbox 412 569 517 627; x_wconf 76' lang='lat' dir='ltr'><strong>epatris</strong></span> <span class='ocrx_word' id='word_1_42' title='bbox 527 571 657 629; x_wconf 86' lang='lat' dir='ltr'><strong>potestate</strong></span> <span class='ocrx_word' id='word_1_43' title='bbox 663 568 721 618; x_wconf 86' lang='lat' dir='ltr'><strong>exit</strong></span> <span class='ocrx_word' id='word_1_44' title='bbox 730 572 758 616; x_wconf 91' lang='lat' dir='ltr'><strong>et</strong></span> <span class='ocrx_word' id='word_1_45' title='bbox 766 567 894 616; x_wconf 86' lang='lat' dir='ltr'><strong>iustesta·</strong></span> 
     </span>
     <span class='ocr_line' id='line_1_7' title="bbox 82 635 893 695; baseline -0.004 -10"><span class='ocrx_word' id='word_1_46' title='bbox 82 636 167 685; x_wconf 85' lang='lat' dir='ltr'><strong>menti</strong></span> <span class='ocrx_word' id='word_1_47' title='bbox 178 636 296 683; x_wconf 86' lang='lat' dir='ltr'><strong>faciundi</strong></span> <span class='ocrx_word' id='word_1_48' title='bbox 306 636 470 695; x_wconf 79' lang='lat' dir='ltr'><strong>adipiscitur.</strong></span> <span class='ocrx_word' id='word_1_49' title='bbox 505 637 545 682; x_wconf 79' lang='lat'><strong>1⁰.</strong></span> <span class='ocrx_word' id='word_1_50' title='bbox 563 637 684 684; x_wconf 82' lang='lat' dir='ltr'><strong>Demere</strong></span> <span class='ocrx_word' id='word_1_51' title='bbox 694 639 780 684; x_wconf 85' lang='lat' dir='ltr'><strong>autem</strong></span> <span class='ocrx_word' id='word_1_52' title='bbox 788 635 893 693; x_wconf 81' lang='lat' dir='ltr'><strong>rituque</strong></span> 
     </span>
     <span class='ocr_line' id='line_1_8' title="bbox 85 703 892 763; baseline -0.002 -12"><span class='ocrx_word' id='word_1_53' title='bbox 85 704 232 763; x_wconf 78' lang='lat' dir='ltr'><strong>capiundae</strong></span> <span class='ocrx_word' id='word_1_54' title='bbox 250 703 362 762; x_wconf 84' lang='lat' dir='ltr'><strong>virginis</strong></span> <span class='ocrx_word' id='word_1_55' title='bbox 380 703 474 750; x_wconf 86' lang='lat' dir='ltr'><strong>literae</strong></span> <span class='ocrx_word' id='word_1_56' title='bbox 489 703 593 760; x_wconf 90' lang='lat' dir='ltr'><strong>quidem</strong></span> <span class='ocrx_word' id='word_1_57' title='bbox 606 703 767 760; x_wconf 70' lang='lat' dir='ltr'><strong>antiquiores</strong></span> <span class='ocrx_word' id='word_1_58' title='bbox 780 716 834 750; x_wconf 88' lang='lat' dir='ltr'><strong>uun</strong></span> <span class='ocrx_word' id='word_1_59' title='bbox 844 715 892 750; x_wconf 89' lang='lat' dir='ltr'><strong>ex·</strong></span> 
     </span>
     <span class='ocr_line' id='line_1_9' title="bbox 85 769 893 830; baseline -0.001 -13"><span class='ocrx_word' id='word_1_60' title='bbox 85 774 168 830; x_wconf 81' lang='lat' dir='ltr'><strong>stant,</strong></span> <span class='ocrx_word' id='word_1_61' title='bbox 178 770 246 828; x_wconf 83' lang='lat' dir='ltr'><strong>nisi,</strong></span> <span class='ocrx_word' id='word_1_62' title='bbox 257 784 323 828; x_wconf 86' lang='lat' dir='ltr'><strong>quae</strong></span> <span class='ocrx_word' id='word_1_63' title='bbox 334 772 409 828; x_wconf 86' lang='lat' dir='ltr'><strong>capta</strong></span> <span class='ocrx_word' id='word_1_64' title='bbox 418 769 501 828; x_wconf 85' lang='lat' dir='ltr'><strong>prims</strong></span> <span class='ocrx_word' id='word_1_65' title='bbox 511 774 563 829; x_wconf 84' lang='lat' dir='ltr'><strong>est,</strong></span> <span class='ocrx_word' id='word_1_66' title='bbox 578 785 594 816; x_wconf 92' lang='lat' dir='ltr'><strong>a</strong></span> <span class='ocrx_word' id='word_1_67' title='bbox 602 771 687 817; x_wconf 90' lang='lat' dir='ltr'><strong>Numa</strong></span> <span class='ocrx_word' id='word_1_68' title='bbox 699 784 761 830; x_wconf 79' lang='lat' dir='ltr'><strong>rege</strong></span> <span class='ocrx_word' id='word_1_69' title='bbox 776 783 833 816; x_wconf 84' lang='lat' dir='ltr'><strong>esse</strong></span> <span class='ocrx_word' id='word_1_70' title='bbox 849 783 893 816; x_wconf 92' lang='lat' dir='ltr'><strong>ca-</strong></span> 
     </span>
     <span class='ocr_line' id='line_1_10' title="bbox 59 836 891 898; baseline -0.001 -14"><span class='ocrx_word' id='word_1_71' title='bbox 59 843 65 857; x_wconf 86' lang='grc'><strong><em>·</em></strong></span> <span class='ocrx_word' id='word_1_72' title='bbox 84 842 163 898; x_wconf 77' lang='lat' dir='ltr'><strong>ptam.</strong></span> <span class='ocrx_word' id='word_1_73' title='bbox 200 839 240 884; x_wconf 92' lang='lat' dir='ltr'><strong>ll.</strong></span> <span class='ocrx_word' id='word_1_74' title='bbox 262 838 315 884; x_wconf 88' lang='lat' dir='ltr'><strong>Sed</strong></span> <span class='ocrx_word' id='word_1_75' title='bbox 324 837 429 896; x_wconf 90' lang='lat' dir='ltr'><strong>Papiam</strong></span> <span class='ocrx_word' id='word_1_76' title='bbox 442 836 528 896; x_wconf 83' lang='lat' dir='ltr'><strong>legem</strong></span> <span class='ocrx_word' id='word_1_77' title='bbox 541 837 697 896; x_wconf 77' lang='lat' dir='ltr'><strong>invenimus,</strong></span> <span class='ocrx_word' id='word_1_78' title='bbox 712 851 764 896; x_wconf 85' lang='lat' dir='ltr'><strong>qua</strong></span> <span class='ocrx_word' id='word_1_79' title='bbox 776 839 891 897; x_wconf 83' lang='lat' dir='ltr'><strong>cavetur,</strong></span> 
     </span>
     <span class='ocr_line' id='line_1_11' title="bbox 83 903 892 965; baseline -0.004 -13"><span class='ocrx_word' id='word_1_80' title='bbox 83 907 113 952; x_wconf 90' lang='lat' dir='ltr'><strong>ut</strong></span> <span class='ocrx_word' id='word_1_81' title='bbox 122 904 256 964; x_wconf 85' lang='lat' dir='ltr'><strong>pontificis</strong></span> <span class='ocrx_word' id='word_1_82' title='bbox 268 904 378 952; x_wconf 85' lang='lat' dir='ltr'><strong>maximi</strong></span> <span class='ocrx_word' id='word_1_83' title='bbox 391 904 518 952; x_wconf 85' lang='lat' dir='ltr'><strong>arbitratu</strong></span> <span class='ocrx_word' id='word_1_84' title='bbox 530 904 670 965; x_wconf 70' lang='lat' dir='ltr'><strong>virgineae</strong></span> <span class='ocrx_word' id='word_1_85' title='bbox 683 904 782 964; x_wconf 87' lang='lat' dir='ltr'><strong>populu</strong></span> <span class='ocrx_word' id='word_1_86' title='bbox 794 903 892 964; x_wconf 78' lang='lat' dir='ltr'><strong>viginti</strong></span> 
     </span>
     <span class='ocr_line' id='line_1_12' title="bbox 82 971 890 1030; baseline -0.004 -11"><span class='ocrx_word' id='word_1_87' title='bbox 82 973 220 1030; x_wconf 78' lang='lat' dir='ltr'><strong>legantur,</strong></span> <span class='ocrx_word' id='word_1_88' title='bbox 231 972 385 1029; x_wconf 72' lang='lat' dir='ltr'><strong>sortitioque</strong></span> <span class='ocrx_word' id='word_1_89' title='bbox 395 971 425 1017; x_wconf 90' lang='lat' dir='ltr'><strong>iu</strong></span> <span class='ocrx_word' id='word_1_90' title='bbox 438 971 564 1020; x_wconf 84' lang='lat' dir='ltr'><strong>concione</strong></span> <span class='ocrx_word' id='word_1_91' title='bbox 579 985 614 1020; x_wconf 84' lang='lat' dir='ltr'><strong>ex</strong></span> <span class='ocrx_word' id='word_1_92' title='bbox 623 985 655 1018; x_wconf 88' lang='lat' dir='ltr'><strong>eo</strong></span> <span class='ocrx_word' id='word_1_93' title='bbox 668 983 776 1018; x_wconf 87' lang='lat' dir='ltr'><strong>numeru</strong></span> <span class='ocrx_word' id='word_1_94' title='bbox 789 971 844 1029; x_wconf 81' lang='lat' dir='ltr'><strong>tiat3</strong></span> <span class='ocrx_word' id='word_1_95' title='bbox 855 973 890 1026; x_wconf 86' lang='lat' dir='ltr'><strong>et,</strong></span> 
     </span>
     <span class='ocr_line' id='line_1_13' title="bbox 85 1037 891 1100; baseline -0.005 -13"><span class='ocrx_word' id='word_1_96' title='bbox 85 1040 160 1087; x_wconf 88' lang='lat' dir='ltr'><strong>cuius</strong></span> <span class='ocrx_word' id='word_1_97' title='bbox 170 1038 284 1097; x_wconf 84' lang='lat' dir='ltr'><strong>virginis</strong></span> <span class='ocrx_word' id='word_1_98' title='bbox 295 1039 371 1085; x_wconf 86' lang='lat' dir='ltr'><strong>dueta</strong></span> <span class='ocrx_word' id='word_1_99' title='bbox 384 1038 447 1100; x_wconf 84' lang='lat' dir='ltr'><strong>erit,</strong></span> <span class='ocrx_word' id='word_1_100' title='bbox 456 1040 487 1085; x_wconf 88' lang='lat' dir='ltr'><strong>ut</strong></span> <span class='ocrx_word' id='word_1_101' title='bbox 500 1052 558 1086; x_wconf 88' lang='lat' dir='ltr'><strong>eam</strong></span> <span class='ocrx_word' id='word_1_102' title='bbox 570 1039 693 1098; x_wconf 77' lang='lat' dir='ltr'><strong>pontifex</strong></span> <span class='ocrx_word' id='word_1_103' title='bbox 705 1037 834 1086; x_wconf 84' lang='lat' dir='ltr'><strong>maximus</strong></span> <span class='ocrx_word' id='word_1_104' title='bbox 848 1050 891 1083; x_wconf 87' lang='lat' dir='ltr'><strong>oa-</strong></span> 
     </span>
     <span class='ocr_line' id='line_1_14' title="bbox 84 1104 891 1167; baseline -0.004 -15"><span class='ocrx_word' id='word_1_105' title='bbox 84 1106 151 1167; x_wconf 85' lang='lat' dir='ltr'><strong>piat,</strong></span> <span class='ocrx_word' id='word_1_106' title='bbox 163 1119 247 1163; x_wconf 87' lang='lat' dir='ltr'><strong>eaque</strong></span> <span class='ocrx_word' id='word_1_107' title='bbox 257 1107 355 1152; x_wconf 78' lang='lat' dir='ltr'><strong>Vestae</strong></span> <span class='ocrx_word' id='word_1_108' title='bbox 364 1107 417 1152; x_wconf 85' lang='lat' dir='ltr'><strong>dat.</strong></span> <span class='ocrx_word' id='word_1_109' title='bbox 445 1108 485 1152; x_wconf 80' lang='lat'><strong>12.</strong></span> <span class='ocrx_word' id='word_1_110' title='bbox 507 1106 561 1153; x_wconf 82' lang='lat' dir='ltr'><strong>Sed</strong></span> <span class='ocrx_word' id='word_1_111' title='bbox 571 1120 602 1152; x_wconf 91' lang='lat' dir='ltr'><strong>ea</strong></span> <span class='ocrx_word' id='word_1_112' title='bbox 611 1104 717 1153; x_wconf 79' lang='lat' dir='ltr'><strong>sortitio</strong></span> <span class='ocrx_word' id='word_1_113' title='bbox 728 1104 832 1163; x_wconf 76' lang='lat' dir='ltr'><strong>exlege</strong></span> <span class='ocrx_word' id='word_1_114' title='bbox 841 1104 891 1149; x_wconf 84' lang='lat' dir='ltr'><strong>Pa-</strong></span> 
     </span>
     <span class='ocr_line' id='line_1_15' title="bbox 84 1170 890 1234; baseline -0.004 -15"><span class='ocrx_word' id='word_1_115' title='bbox 84 1174 128 1234; x_wconf 90' lang='lat' dir='ltr'><strong>pia</strong></span> <span class='ocrx_word' id='word_1_116' title='bbox 136 1187 192 1219; x_wconf 93' lang='lat' dir='ltr'><strong>nou</strong></span> <span class='ocrx_word' id='word_1_117' title='bbox 201 1173 429 1220; x_wconf 87' lang='lat' dir='ltr'><strong>necessarianuuo</strong></span> <span class='ocrx_word' id='word_1_118' title='bbox 438 1172 525 1220; x_wconf 85' lang='lat' dir='ltr'><strong>videri</strong></span> <span class='ocrx_word' id='word_1_119' title='bbox 534 1173 611 1220; x_wconf 83' lang='lat' dir='ltr'><strong>solet.</strong></span> <span class='ocrx_word' id='word_1_120' title='bbox 625 1174 701 1234; x_wconf 86' lang='lat' dir='ltr'><strong>Nam,</strong></span> <span class='ocrx_word' id='word_1_121' title='bbox 711 1171 735 1219; x_wconf 87' lang='lat' dir='ltr'><strong>si</strong></span> <span class='ocrx_word' id='word_1_122' title='bbox 744 1170 890 1230; x_wconf 85' lang='lat' dir='ltr'><strong>quishoue·</strong></span> 
     </span>
     <span class='ocr_line' id='line_1_16' title="bbox 85 1238 890 1301; baseline -0.004 -14"><span class='ocrx_word' id='word_1_123' title='bbox 85 1243 126 1288; x_wconf 86' lang='lat' dir='ltr'><strong>sto</strong></span> <span class='ocrx_word' id='word_1_124' title='bbox 135 1240 197 1287; x_wconf 90' lang='lat' dir='ltr'><strong>loco</strong></span> <span class='ocrx_word' id='word_1_125' title='bbox 207 1243 285 1286; x_wconf 89' lang='lat' dir='ltr'><strong>uatus</strong></span> <span class='ocrx_word' id='word_1_126' title='bbox 296 1241 372 1287; x_wconf 89' lang='lat' dir='ltr'><strong>adeat</strong></span> <span class='ocrx_word' id='word_1_127' title='bbox 380 1240 527 1299; x_wconf 84' lang='lat' dir='ltr'><strong>pontificem</strong></span> <span class='ocrx_word' id='word_1_128' title='bbox 536 1239 691 1301; x_wconf 82' lang='lat' dir='ltr'><strong>maximum,</strong></span> <span class='ocrx_word' id='word_1_129' title='bbox 706 1241 784 1298; x_wconf 83' lang='lat' dir='ltr'><strong>atque</strong></span> <span class='ocrx_word' id='word_1_130' title='bbox 798 1238 890 1285; x_wconf 77' lang='lat' dir='ltr'><strong>offerat</strong></span> 
     </span>
     <span class='ocr_line' id='line_1_17' title="bbox 85 1305 891 1367; baseline -0.006 -11"><span class='ocrx_word' id='word_1_131' title='bbox 85 1308 118 1357; x_wconf 84' lang='lat' dir='ltr'><strong>ad</strong></span> <span class='ocrx_word' id='word_1_132' title='bbox 127 1307 304 1354; x_wconf 84' lang='lat' dir='ltr'><strong>sacerdotium</strong></span> <span class='ocrx_word' id='word_1_133' title='bbox 314 1307 393 1353; x_wconf 87' lang='lat' dir='ltr'><strong>tiliam</strong></span> <span class='ocrx_word' id='word_1_134' title='bbox 403 1321 488 1367; x_wconf 86' lang='lat' dir='ltr'><strong>suam,</strong></span> <span class='ocrx_word' id='word_1_135' title='bbox 499 1307 574 1354; x_wconf 89' lang='lat' dir='ltr'><strong>cuius</strong></span> <span class='ocrx_word' id='word_1_136' title='bbox 588 1307 722 1354; x_wconf 88' lang='lat' dir='ltr'><strong>dumtaxat</strong></span> <span class='ocrx_word' id='word_1_137' title='bbox 734 1305 815 1353; x_wconf 84' lang='lat' dir='ltr'><strong>salvis</strong></span> <span class='ocrx_word' id='word_1_138' title='bbox 824 1305 891 1352; x_wconf 88' lang='lat' dir='ltr'><strong>reli·</strong></span> 
     </span>
     <span class='ocr_line' id='line_1_18' title="bbox 21 1368 890 1436; baseline -0.007 -13"><span class='ocrx_word' id='word_1_139' title='bbox 21 1368 29 1381; x_wconf 89' lang='lat'><em>&#39;</em></span> <span class='ocrx_word' id='word_1_140' title='bbox 84 1372 890 1436; x_wconf 70' lang='lat' dir='ltr'><strong>giouumobservationibusratiohaberipossit,gratiaPapiae</strong></span> 
     </span>
     <span class='ocr_line' id='line_1_19' title="bbox 85 1441 891 1502; baseline -0.007 -12"><span class='ocrx_word' id='word_1_141' title='bbox 85 1444 154 1502; x_wconf 83' lang='lat' dir='ltr'><strong>legis</strong></span> <span class='ocrx_word' id='word_1_142' title='bbox 167 1456 217 1501; x_wconf 89' lang='lat' dir='ltr'><strong>per</strong></span> <span class='ocrx_word' id='word_1_143' title='bbox 230 1444 349 1488; x_wconf 89' lang='lat' dir='ltr'><strong>senatum</strong></span> <span class='ocrx_word' id='word_1_144' title='bbox 361 1443 396 1487; x_wconf 87' lang='lat' dir='ltr'><strong>tit.</strong></span> <span class='ocrx_word' id='word_1_145' title='bbox 433 1443 472 1487; x_wconf 84' lang='grc'><strong>13.</strong></span> <span class='ocrx_word' id='word_1_146' title='bbox 492 1442 555 1500; x_wconf 81' lang='lat' dir='ltr'><strong>capi</strong></span> <span class='ocrx_word' id='word_1_147' title='bbox 569 1443 656 1488; x_wconf 86' lang='lat' dir='ltr'><strong>autem</strong></span> <span class='ocrx_word' id='word_1_148' title='bbox 664 1442 740 1500; x_wconf 74' lang='lat' dir='ltr'><strong>virgo</strong></span> <span class='ocrx_word' id='word_1_149' title='bbox 750 1441 891 1500; x_wconf 88' lang='lat' dir='ltr'><strong>propterea</strong></span> 
     </span>
    </p>
   </div>
   <div class='ocr_carea' id='block_1_4' title="bbox 7 1504 891 1568">
    <p class='ocr_par' dir='ltr' id='par_1_4' title="bbox 7 1504 891 1568">
     <span class='ocr_line' id='line_1_20' title="bbox 7 1504 891 1568; baseline -0.008 -10"><span class='ocrx_word' id='word_1_150' title='bbox 7 1534 8 1537; x_wconf 38' lang='lat'>¹</span> <span class='ocrx_word' id='word_1_151' title='bbox 87 1511 139 1558; x_wconf 80' lang='lat' dir='ltr'><strong>dici</strong></span> <span class='ocrx_word' id='word_1_152' title='bbox 155 1509 273 1563; x_wconf 86' lang='lat' dir='ltr'><strong>videtur,</strong></span> <span class='ocrx_word' id='word_1_153' title='bbox 292 1508 353 1566; x_wconf 89' lang='lat' dir='ltr'><strong>quia</strong></span> <span class='ocrx_word' id='word_1_154' title='bbox 365 1506 495 1567; x_wconf 84' lang='lat' dir='ltr'><strong>pontificis</strong></span> <span class='ocrx_word' id='word_1_155' title='bbox 507 1504 615 1556; x_wconf 83' lang='lat' dir='ltr'><strong>maximi</strong></span> <span class='ocrx_word' id='word_1_156' title='bbox 627 1521 704 1555; x_wconf 90' lang='lat' dir='ltr'><strong>mauu</strong></span> <span class='ocrx_word' id='word_1_157' title='bbox 717 1507 846 1568; x_wconf 84' lang='lat' dir='ltr'><strong>prehensa</strong></span> <span class='ocrx_word' id='word_1_158' title='bbox 859 1507 891 1552; x_wconf 84' lang='lat' dir='ltr'><strong>ab</strong></span> 
     </span>
    </p>
   </div>
   <div class='ocr_carea' id='block_1_5' title="bbox 85 1574 894 2645">
    <p class='ocr_par' dir='ltr' id='par_1_5' title="bbox 85 1574 894 2645">
     <span class='ocr_line' id='line_1_21' title="bbox 88 1574 890 1636; baseline -0.007 -11"><span class='ocrx_word' id='word_1_159' title='bbox 88 1592 118 1626; x_wconf 89' lang='lat' dir='ltr'><strong>eo</strong></span> <span class='ocrx_word' id='word_1_160' title='bbox 128 1578 250 1636; x_wconf 84' lang='lat' dir='ltr'><strong>parente,</strong></span> <span class='ocrx_word' id='word_1_161' title='bbox 261 1575 289 1621; x_wconf 93' lang='lat' dir='ltr'><strong>iu</strong></span> <span class='ocrx_word' id='word_1_162' title='bbox 299 1575 373 1622; x_wconf 88' lang='lat' dir='ltr'><strong>cuius</strong></span> <span class='ocrx_word' id='word_1_163' title='bbox 383 1577 512 1634; x_wconf 76' lang='lat' dir='ltr'><strong>potestate</strong></span> <span class='ocrx_word' id='word_1_164' title='bbox 523 1579 575 1635; x_wconf 85' lang='lat' dir='ltr'><strong>est,</strong></span> <span class='ocrx_word' id='word_1_165' title='bbox 585 1576 671 1622; x_wconf 86' lang='lat' dir='ltr'><strong>veluti</strong></span> <span class='ocrx_word' id='word_1_166' title='bbox 678 1575 751 1623; x_wconf 84' lang='lat' dir='ltr'><strong>bello</strong></span> <span class='ocrx_word' id='word_1_167' title='bbox 762 1575 837 1634; x_wconf 86' lang='lat' dir='ltr'><strong>capta</strong></span> <span class='ocrx_word' id='word_1_168' title='bbox 846 1574 890 1620; x_wconf 86' lang='lat' dir='ltr'><strong>ab·</strong></span> 
     </span>
     <span class='ocr_line' id='line_1_22' title="bbox 88 1641 893 1702; baseline -0.009 -10"><span class='ocrx_word' id='word_1_169' title='bbox 88 1645 201 1692; x_wconf 88' lang='lat' dir='ltr'><strong>ducitur.</strong></span> <span class='ocrx_word' id='word_1_170' title='bbox 239 1644 281 1690; x_wconf 77' lang='lat'><strong>14.</strong></span> <span class='ocrx_word' id='word_1_171' title='bbox 297 1644 327 1687; x_wconf 84' lang='lat'><strong>111</strong></span> <span class='ocrx_word' id='word_1_172' title='bbox 340 1643 409 1689; x_wconf 86' lang='lat' dir='ltr'><strong>libro</strong></span> <span class='ocrx_word' id='word_1_173' title='bbox 419 1643 502 1702; x_wconf 85' lang='lat' dir='ltr'><strong>primo</strong></span> <span class='ocrx_word' id='word_1_174' title='bbox 512 1643 588 1690; x_wconf 84' lang='lat' dir='ltr'><strong>Fabii</strong></span> <span class='ocrx_word' id='word_1_175' title='bbox 601 1642 726 1702; x_wconf 80' lang='lat' dir='ltr'><strong>Pictoris,</strong></span> <span class='ocrx_word' id='word_1_176' title='bbox 737 1654 803 1701; x_wconf 86' lang='lat' dir='ltr'><strong>quae</strong></span> <span class='ocrx_word' id='word_1_177' title='bbox 812 1641 893 1686; x_wconf 82' lang='lat' dir='ltr'><strong>verba</strong></span> 
     </span>
     <span class='ocr_line' id='line_1_23' title="bbox 86 1707 893 1772; baseline -0.01 -13"><span class='ocrx_word' id='word_1_178' title='bbox 86 1712 237 1772; x_wconf 87' lang='lat' dir='ltr'><strong>pontificem</strong></span> <span class='ocrx_word' id='word_1_179' title='bbox 249 1709 389 1756; x_wconf 83' lang='lat' dir='ltr'><strong>maximum</strong></span> <span class='ocrx_word' id='word_1_180' title='bbox 400 1710 487 1757; x_wconf 87' lang='lat' dir='ltr'><strong>dicere</strong></span> <span class='ocrx_word' id='word_1_181' title='bbox 501 1711 634 1769; x_wconf 86' lang='lat' dir='ltr'><strong>oporteat,</strong></span> <span class='ocrx_word' id='word_1_182' title='bbox 645 1723 702 1756; x_wconf 86' lang='lat' dir='ltr'><strong>cum</strong></span> <span class='ocrx_word' id='word_1_183' title='bbox 711 1707 840 1767; x_wconf 73' lang='lat' dir='ltr'><strong>virginem</strong></span> <span class='ocrx_word' id='word_1_184' title='bbox 850 1719 893 1753; x_wconf 87' lang='lat' dir='ltr'><strong>ca-</strong></span> 
     </span>
     <span class='ocr_line' id='line_1_24' title="bbox 86 1773 884 1840; baseline -0.006 -15"><span class='ocrx_word' id='word_1_185' title='bbox 86 1779 134 1840; x_wconf 80' lang='lat' dir='ltr'><strong>pit,</strong></span> <span class='ocrx_word' id='word_1_186' title='bbox 140 1777 320 1836; x_wconf 88' lang='lat' dir='ltr'><strong>scriptumest.</strong></span> <span class='ocrx_word' id='word_1_187' title='bbox 329 1778 454 1823; x_wconf 84' lang='lat' dir='ltr'><strong>Eaverba</strong></span> <span class='ocrx_word' id='word_1_188' title='bbox 463 1778 528 1824; x_wconf 83' lang='lat' dir='ltr'><strong>haec</strong></span> <span class='ocrx_word' id='word_1_189' title='bbox 538 1779 609 1824; x_wconf 90' lang='lat' dir='ltr'><strong>sunt:</strong></span> <span class='ocrx_word' id='word_1_190' title='bbox 620 1773 884 1824; x_wconf 80' lang='lat' dir='ltr'><strong>SAGERDOTEM</strong></span> 
     </span>
     <span class='ocr_line' id='line_1_25' title="bbox 86 1841 884 1898; baseline -0.006 -6"><span class='ocrx_word' id='word_1_191' title='bbox 86 1845 305 1892; x_wconf 83' lang='lat' dir='ltr'><strong>VESTALEM</strong></span> <span class='ocrx_word' id='word_1_192' title='bbox 333 1844 435 1898; x_wconf 76' lang='lat' dir='ltr'><strong>QUAE</strong></span> <span class='ocrx_word' id='word_1_193' title='bbox 463 1846 585 1892; x_wconf 82' lang='lat' dir='ltr'><strong>SAGRA</strong></span> <span class='ocrx_word' id='word_1_194' title='bbox 610 1841 884 1897; x_wconf 66' lang='lat' dir='ltr'><strong>chramuass</strong></span> 
     </span>
     <span class='ocr_line' id='line_1_26' title="bbox 85 1908 893 1960; baseline -0.007 0"><span class='ocrx_word' id='word_1_195' title='bbox 85 1912 180 1960; x_wconf 88' lang='lat' dir='ltr'>10US</span> <span class='ocrx_word' id='word_1_196' title='bbox 204 1912 292 1958; x_wconf 82' lang='lat' dir='ltr'>SIET</span> <span class='ocrx_word' id='word_1_197' title='bbox 312 1910 576 1959; x_wconf 83' lang='lat' dir='ltr'><strong>SAGERDOTEM</strong></span> <span class='ocrx_word' id='word_1_198' title='bbox 598 1910 813 1958; x_wconf 82' lang='lat' dir='ltr'><strong>VESTALEM</strong></span> <span class='ocrx_word' id='word_1_199' title='bbox 831 1908 893 1954; x_wconf 83' lang='lat' dir='ltr'><strong>FA-</strong></span> 
     </span>
     <span class='ocr_line' id='line_1_27' title="bbox 88 1975 888 2040; baseline -0.008 -13"><span class='ocrx_word' id='word_1_200' title='bbox 88 1978 288 2040; x_wconf 75' lang='lat' dir='ltr'><strong>CERE,PRO</strong></span> <span class='ocrx_word' id='word_1_201' title='bbox 307 1978 458 2025; x_wconf 81' lang='lat' dir='ltr'>POPOLO</span> <span class='ocrx_word' id='word_1_202' title='bbox 476 1979 639 2025; x_wconf 81' lang='lat' dir='ltr'><strong>ROMANO</strong></span> <span class='ocrx_word' id='word_1_203' title='bbox 664 1975 888 2032; x_wconf 65' lang='lat' dir='ltr'><strong>obrumbat,</strong></span> 
     </span>
     <span class='ocr_line' id='line_1_28' title="bbox 88 2043 884 2100; baseline -0.009 -6"><span class='ocrx_word' id='word_1_204' title='bbox 88 2046 185 2094; x_wconf 67' lang='grc' dir='ltr'><strong>ΕΤΕΙ</strong></span> <span class='ocrx_word' id='word_1_205' title='bbox 218 2045 322 2099; x_wconf 76' lang='lat' dir='ltr'><strong>QUAE</strong></span> <span class='ocrx_word' id='word_1_206' title='bbox 356 2046 516 2093; x_wconf 83' lang='lat' dir='ltr'><strong>OPTUMA</strong></span> <span class='ocrx_word' id='word_1_207' title='bbox 543 2044 648 2091; x_wconf 84' lang='lat' dir='ltr'><strong>LEGE</strong></span> <span class='ocrx_word' id='word_1_208' title='bbox 675 2043 884 2100; x_wconf 65' lang='lat' dir='ltr'><strong>fovimus</strong></span> 
     </span>
     <span class='ocr_line' id='line_1_29' title="bbox 87 2108 894 2170; baseline -0.01 -9"><span class='ocrx_word' id='word_1_209' title='bbox 87 2113 308 2170; x_wconf 75' lang='lat' dir='ltr'>TE,AMATA‚</span> <span class='ocrx_word' id='word_1_210' title='bbox 318 2113 441 2159; x_wconf 81' lang='lat' dir='ltr'><strong>GAP10.</strong></span> <span class='ocrx_word' id='word_1_211' title='bbox 477 2114 516 2159; x_wconf 83' lang='lat' dir='ltr'><strong>lb.</strong></span> <span class='ocrx_word' id='word_1_212' title='bbox 535 2112 658 2169; x_wconf 89' lang='lat' dir='ltr'><strong>Plerique</strong></span> <span class='ocrx_word' id='word_1_213' title='bbox 673 2113 759 2158; x_wconf 87' lang='lat' dir='ltr'><strong>autem</strong></span> <span class='ocrx_word' id='word_1_214' title='bbox 773 2108 894 2168; x_wconf 72' lang='lat' dir='ltr'><strong>capivit-</strong></span> 
     </span>
     <span class='ocr_line' id='line_1_30' title="bbox 87 2178 893 2241; baseline -0.006 -15"><span class='ocrx_word' id='word_1_215' title='bbox 87 2180 180 2241; x_wconf 75' lang='lat' dir='ltr'><strong>giuem</strong></span> <span class='ocrx_word' id='word_1_216' title='bbox 198 2179 281 2226; x_wconf 87' lang='lat' dir='ltr'><strong>solam</strong></span> <span class='ocrx_word' id='word_1_217' title='bbox 300 2179 393 2225; x_wconf 87' lang='lat' dir='ltr'><strong>debere</strong></span> <span class='ocrx_word' id='word_1_218' title='bbox 412 2179 464 2227; x_wconf 83' lang='lat' dir='ltr'><strong>dici</strong></span> <span class='ocrx_word' id='word_1_219' title='bbox 481 2181 581 2238; x_wconf 86' lang='lat' dir='ltr'><strong>putant.</strong></span> <span class='ocrx_word' id='word_1_220' title='bbox 596 2179 648 2224; x_wconf 86' lang='lat' dir='ltr'><strong>Sed</strong></span> <span class='ocrx_word' id='word_1_221' title='bbox 661 2178 778 2224; x_wconf 75' lang='lat' dir='ltr'><strong>daminus</strong></span> <span class='ocrx_word' id='word_1_222' title='bbox 792 2188 893 2234; x_wconf 86' lang='lat' dir='ltr'><strong>quoque</strong></span> 
     </span>
     <span class='ocr_line' id='line_1_31' title="bbox 87 2244 892 2305; baseline -0.01 -11"><span class='ocrx_word' id='word_1_223' title='bbox 87 2247 195 2304; x_wconf 86' lang='lat' dir='ltr'><strong>Diales,</strong></span> <span class='ocrx_word' id='word_1_224' title='bbox 206 2246 270 2292; x_wconf 88' lang='lat' dir='ltr'><strong>item</strong></span> <span class='ocrx_word' id='word_1_225' title='bbox 282 2246 418 2304; x_wconf 84' lang='lat' dir='ltr'><strong>pontifices</strong></span> <span class='ocrx_word' id='word_1_226' title='bbox 429 2249 455 2295; x_wconf 84' lang='lat' dir='ltr'><strong>et</strong></span> <span class='ocrx_word' id='word_1_227' title='bbox 465 2259 577 2305; x_wconf 80' lang='lat' dir='ltr'><strong>augures</strong></span> <span class='ocrx_word' id='word_1_228' title='bbox 588 2245 645 2304; x_wconf 85' lang='lat' dir='ltr'><strong>capi</strong></span> <span class='ocrx_word' id='word_1_229' title='bbox 656 2244 815 2292; x_wconf 81' lang='lat' dir='ltr'><strong>dicebantur.</strong></span> <span class='ocrx_word' id='word_1_230' title='bbox 853 2244 892 2287; x_wconf 83' lang='grc'><strong>16.</strong></span> 
     </span>
     <span class='ocr_line' id='line_1_32' title="bbox 88 2310 894 2372; baseline -0.007 -12"><span class='ocrx_word' id='word_1_231' title='bbox 88 2314 119 2360; x_wconf 83' lang='lat' dir='ltr'><strong>L.</strong></span> <span class='ocrx_word' id='word_1_232' title='bbox 133 2313 210 2360; x_wconf 87' lang='lat' dir='ltr'><strong>Sulla</strong></span> <span class='ocrx_word' id='word_1_233' title='bbox 220 2313 314 2359; x_wconf 84' lang='lat' dir='ltr'><strong>Rerum</strong></span> <span class='ocrx_word' id='word_1_234' title='bbox 324 2316 455 2372; x_wconf 80' lang='lat' dir='ltr'><strong>gestarum</strong></span> <span class='ocrx_word' id='word_1_235' title='bbox 469 2313 538 2359; x_wconf 89' lang='lat' dir='ltr'><strong>libro</strong></span> <span class='ocrx_word' id='word_1_236' title='bbox 549 2314 582 2357; x_wconf 84' lang='lat'><strong>11.</strong></span> <span class='ocrx_word' id='word_1_237' title='bbox 597 2313 634 2359; x_wconf 88' lang='lat' dir='ltr'><strong>ita</strong></span> <span class='ocrx_word' id='word_1_238' title='bbox 645 2312 761 2371; x_wconf 86' lang='lat' dir='ltr'><strong>scripsit:</strong></span> <span class='ocrx_word' id='word_1_239' title='bbox 789 2310 819 2355; x_wconf 86' lang='lat' dir='ltr'><strong>P.</strong></span> <span class='ocrx_word' id='word_1_240' title='bbox 828 2312 894 2361; x_wconf 36' lang='lat' dir='ltr'><strong>Gor(-</strong></span> 
     </span>
     <span class='ocr_line' id='line_1_33' title="bbox 88 2375 894 2443; baseline -0.007 -15"><span class='ocrx_word' id='word_1_241' title='bbox 88 2382 184 2441; x_wconf 72' lang='lat' dir='ltr'><strong>aelios,</strong></span> <span class='ocrx_word' id='word_1_242' title='bbox 196 2383 241 2426; x_wconf 79' lang='lat' dir='ltr'><strong>cui</strong></span> <span class='ocrx_word' id='word_1_243' title='bbox 245 2383 360 2441; x_wconf 76' lang='lat' dir='ltr'><strong>primum</strong></span> <span class='ocrx_word' id='word_1_244' title='bbox 371 2395 507 2443; x_wconf 80' lang='lat' dir='ltr'><strong>cognomen</strong></span> <span class='ocrx_word' id='word_1_245' title='bbox 515 2380 606 2427; x_wconf 80' lang='lat' dir='ltr'><strong>Sullae</strong></span> <span class='ocrx_word' id='word_1_246' title='bbox 618 2382 766 2438; x_wconf 73' lang='lat' dir='ltr'><strong>impositum</strong></span> <span class='ocrx_word' id='word_1_247' title='bbox 777 2383 826 2436; x_wconf 81' lang='lat' dir='ltr'><strong>eat,</strong></span> <span class='ocrx_word' id='word_1_248' title='bbox 833 2375 894 2438; x_wconf 84' lang='lat' dir='ltr'><strong>flu-</strong></span> 
     </span>
     <span class='ocr_line' id='line_1_34' title="bbox 88 2445 891 2507; baseline -0.01 -11"><span class='ocrx_word' id='word_1_249' title='bbox 88 2462 146 2496; x_wconf 76' lang='lat' dir='ltr'><strong>men</strong></span> <span class='ocrx_word' id='word_1_250' title='bbox 161 2449 255 2495; x_wconf 74' lang='lat' dir='ltr'><strong>Dialia</strong></span> <span class='ocrx_word' id='word_1_251' title='bbox 277 2455 380 2507; x_wconf 80' lang='lat' dir='ltr'><strong>coptus.</strong></span> <span class='ocrx_word' id='word_1_252' title='bbox 416 2448 511 2494; x_wconf 74' lang='lat' dir='ltr'>1⁵1.M.</span> <span class='ocrx_word' id='word_1_253' title='bbox 532 2448 595 2493; x_wconf 76' lang='lat' dir='ltr'><strong>Cato</strong></span> <span class='ocrx_word' id='word_1_254' title='bbox 615 2447 646 2493; x_wconf 88' lang='lat' dir='ltr'><strong>de</strong></span> <span class='ocrx_word' id='word_1_255' title='bbox 664 2445 812 2503; x_wconf 81' lang='lat' dir='ltr'><strong>Lusitanis,</strong></span> <span class='ocrx_word' id='word_1_256' title='bbox 834 2455 891 2489; x_wconf 86' lang='lat' dir='ltr'><strong>cusu</strong></span> 
     </span>
     <span class='ocr_line' id='line_1_35' title="bbox 90 2511 891 2572; baseline -0.006 -10"><span class='ocrx_word' id='word_1_257' title='bbox 90 2516 148 2563; x_wconf 84' lang='lat' dir='ltr'><strong>Ser.</strong></span> <span class='ocrx_word' id='word_1_258' title='bbox 162 2515 270 2562; x_wconf 85' lang='lat' dir='ltr'><strong>Galbam</strong></span> <span class='ocrx_word' id='word_1_259' title='bbox 281 2515 423 2562; x_wconf 86' lang='lat' dir='ltr'><strong>accusavit:</strong></span> <span class='ocrx_word' id='word_1_260' title='bbox 442 2517 539 2562; x_wconf 81' lang='lat' dir='ltr'><strong>Tamen</strong></span> <span class='ocrx_word' id='word_1_261' title='bbox 549 2515 635 2560; x_wconf 73' lang='lat' dir='ltr'><strong>dicunt</strong></span> <span class='ocrx_word' id='word_1_262' title='bbox 648 2511 759 2572; x_wconf 81' lang='lat' dir='ltr'><strong>deficere</strong></span> <span class='ocrx_word' id='word_1_263' title='bbox 769 2511 891 2559; x_wconf 70' lang='lat' dir='ltr'><strong>uoluisse.</strong></span> 
     </span>
     <span class='ocr_line' id='line_1_36' title="bbox 88 2578 892 2645; baseline -0.007 -15"><span class='ocrx_word' id='word_1_264' title='bbox 88 2580 147 2645; x_wconf 79' lang='lat' dir='ltr'><strong>Ego</strong></span> <span class='ocrx_word' id='word_1_265' title='bbox 158 2596 198 2628; x_wconf 87' lang='lat' dir='ltr'><strong>me</strong></span> <span class='ocrx_word' id='word_1_266' title='bbox 210 2597 276 2628; x_wconf 83' lang='lat' dir='ltr'><strong>nuno</strong></span> <span class='ocrx_word' id='word_1_267' title='bbox 287 2578 555 2643; x_wconf 77' lang='lat' dir='ltr'><strong>uoloiuapuntr&#39;ficium</strong></span> <span class='ocrx_word' id='word_1_268' title='bbox 568 2583 751 2640; x_wconf 77' lang='lat' dir='ltr'><strong>optimeaes&#39;re:</strong></span> <span class='ocrx_word' id='word_1_269' title='bbox 762 2583 848 2627; x_wconf 72' lang='lat' dir='ltr'><strong>iamne</strong></span> <span class='ocrx_word' id='word_1_270' title='bbox 859 2588 892 2620; x_wconf 79' lang='lat' dir='ltr'><strong>ea</strong></span> 
     </span>
    </p>
   </div>
   <div class='ocr_carea' id='block_1_6' title="bbox 7 2646 891 2712">
    <p class='ocr_par' dir='ltr' id='par_1_6' title="bbox 7 2646 891 2712">
     <span class='ocr_line' id='line_1_37' title="bbox 7 2646 891 2712; baseline -0.017 -14"><span class='ocrx_word' id='word_1_271' title='bbox 7 2663 21 2687; x_wconf 68' lang='lat'><em>³</em></span> <span class='ocrx_word' id='word_1_272' title='bbox 89 2665 177 2698; x_wconf 81' lang='lat' dir='ltr'><strong>eausa</strong></span> <span class='ocrx_word' id='word_1_273' title='bbox 186 2649 314 2712; x_wconf 64' lang='lat' dir='ltr'><strong>pontefex·</strong></span> <span class='ocrx_word' id='word_1_274' title='bbox 325 2647 442 2709; x_wconf 77' lang='lat' dir='ltr'><strong>capiar?</strong></span> <span class='ocrx_word' id='word_1_275' title='bbox 454 2650 486 2697; x_wconf 68' lang='lat' dir='ltr'><strong>sa·</strong></span> <span class='ocrx_word' id='word_1_276' title='bbox 494 2649 552 2694; x_wconf 86' lang='lat' dir='ltr'><strong>colo</strong></span> <span class='ocrx_word' id='word_1_277' title='bbox 565 2646 704 2708; x_wconf 74' lang='lat' dir='ltr'><strong>augurium</strong></span> <span class='ocrx_word' id='word_1_278' title='bbox 712 2650 808 2709; x_wconf 78' lang='lat' dir='ltr'><strong>optime</strong></span> <span class='ocrx_word' id='word_1_279' title='bbox 820 2649 891 2687; x_wconf 80' lang='lat' dir='ltr'><strong>teus-</strong></span> 
     </span>
    </p>
   </div>
   <div class='ocr_carea' id='block_1_7' title="bbox 88 2707 893 2782">
    <p class='ocr_par' dir='ltr' id='par_1_7' title="bbox 88 2707 893 2782">
     <span class='ocr_line' id='line_1_38' title="bbox 88 2707 893 2782; baseline -0.025 -15"><span class='ocrx_word' id='word_1_280' title='bbox 88 2731 134 2782; x_wconf 69' lang='grc' dir='ltr'><strong>νε,</strong></span> <span class='ocrx_word' id='word_1_281' title='bbox 143 2718 231 2779; x_wconf 76' lang='lat' dir='ltr'><strong>eequis</strong></span> <span class='ocrx_word' id='word_1_282' title='bbox 242 2730 281 2764; x_wconf 87' lang='lat' dir='ltr'><strong>me</strong></span> <span class='ocrx_word' id='word_1_283' title='bbox 294 2718 324 2765; x_wconf 85' lang='lat' dir='ltr'><strong>ub</strong></span> <span class='ocrx_word' id='word_1_284' title='bbox 335 2732 456 2764; x_wconf 75' lang='lat' dir='ltr'><strong>curarem</strong></span> <span class='ocrx_word' id='word_1_285' title='bbox 466 2729 590 2775; x_wconf 80' lang='lat' dir='ltr'><strong>augurem</strong></span> <span class='ocrx_word' id='word_1_286' title='bbox 605 2711 719 2772; x_wconf 76' lang='lat' dir='ltr'><strong>cupiat?</strong></span> <span class='ocrx_word' id='word_1_287' title='bbox 753 2716 793 2759; x_wconf 84' lang='grc'><strong>18.</strong></span> <span class='ocrx_word' id='word_1_288' title='bbox 812 2707 893 2752; x_wconf 66' lang='grc' dir='ltr'><strong>Ρταω</strong></span> 
     </span>
    </p>
   </div>
   <div class='ocr_carea' id='block_1_8' title="bbox 0 0 1043 3034">
    <p class='ocr_par' dir='ltr' id='par_1_8' title="bbox 0 0 1043 3034">
     <span class='ocr_line' id='line_1_39' title="bbox 0 0 1043 3034; baseline 0 0"><span class='ocrx_word' id='word_1_289' title='bbox 0 0 1043 3034; x_wconf 95' lang='lat' dir='ltr'><strong> </strong></span> 
     </span>
    </p>
   </div>
  </div>
 </body>
</html>
