2067 3034
122 160 175 212 152
375 161 482 210 aubi
517 144 676 209 euntis

93 268 97 274 ⁸
123 281 215 330 Iliadis
225 278 369 328 Victoriam
380 279 513 326 uolucrem
521 287 675 340 praepetem
688 278 832 339 appellavit
843 280 868 325 in
879 280 928 326 boe
968 314 974 328 .

124 363 228 464 verflnztu
237 417 286 463 dat
293 416 405 461 elucente·
409 427 526 474 praepes
540 415 660 461 Vs'ctore'a
668 414 796 473 palmum.

124 501 149 547 d.
169 501 220 545 Gur
230 501 315 545 autem
325 509 377 544 rron
387 497 418 550 ll.
430 509 530 555 quoque
539 497 653 543 Ennium
663 496 836 556 reprehendit,
847 496 889 553 qui
901 498 928 542 in

124 567 281 624 Annalibus,
301 578 354 610 non
368 566 396 610 ut
407 564 535 622 Virgilius
551 578 648 623 pennas
659 564 769 611 Daedali
778 573 930 625 praepetes,

125 634 171 681 sed
180 634 259 692 longe
269 631 407 688 diversius,
418 631 515 689 inquit:
671 696 692 744 π

159 767 334 815 Brundusium
341 765 452 827 paleare
458 699 774 827 praecinetunctlzteepete
779 763 882 827 portu?

126 854 151 899 ’1.
167 852 210 913 Et,
221 848 305 897 sirim
316 850 403 910 potius
412 852 581 909 naturamque
593 849 663 896 verbi
674 851 872 908 considerasset,
883 864 930 898 ne·

126 933 174 979 que
188 920 215 965 id
225 918 321 975 solum,
339 919 409 976 quod
424 930 535 977 augures
546 914 673 976 dicerent,
693 917 863 978 inspexisset,
884 932 941 978 νειῚι

125 988 196 1034 ulum
209 998 316 1044 prorsus
332 983 417 1043 podtis
437 986 511 1031 daret
524 981 696 1031 similitudine
711 999 741 1031 ac
757 985 930 1032 translatione

124 1055 271 1108 uerborum,
282 1066 335 1098 non
346 1051 535 1110 significatione
543 1052 824 1111 [propria1uteutibus.
838 1055 932 1100 &Nam
1015 1101 1018 1107 ,

127 1120 250 1182 quoniam
262 1133 316 1164 non
328 1118 399 1177 ipsae
414 1121 513 1164 tantum
525 1132 599 1174 aves,
619 1131 683 1175 quae
695 1121 844 1179 prosperius
855 1134 932 1179 prae-

125 1188 230 1247 volant,
245 1186 290 1233 sed
300 1185 378 1231 etium
387 1185 448 1244 loci,
465 1199 529 1243 quos
540 1185 653 1246 capiunt,
671 1186 714 1243 qui
727 1187 815 1233 idonei
826 1187 931 1234 felices·

127 1269 176 1313 quc
187 1255 256 1314 sunt,
270 1255 406 1311 praepetes
417 1251 591 1313 appellantur,
606 1252 703 1300 ideirco
712 1254 822 1300 Daedali
832 1267 933 1313 pennas

126 1322 262 1382 praepetes
273 1317 353 1376 dixit,
369 1320 492 1377 quoniam
502 1333 537 1366 ex
547 1318 627 1379 loeis,
646 1320 674 1365 iu
684 1320 775 1377 quibus
785 1321 932 1380 periculum

125 1389 267 1443 metuebat,
286 1386 313 1431 in
327 1384 385 1432 loca
400 1387 498 1433 tutiora
512 1392 674 1445 pervenerat.
709 1391 733 1433 u.
751 1389 835 1435 Locos
850 1402 930 1447 porro

125 1458 261 1514 praepetes
276 1456 302 1500 et
316 1466 425 1512 augures
439 1453 584 1513 appellant;
603 1457 630 1500 et
639 1452 740 1500 Ennius
750 1454 779 1501 in
788 1455 931 1504 Annalium

125 1522 209 1581 primo
221 1520 301 1568 dixit:

159 1588 333 1648 Praepetibus
343 1585 442 1635 tilaree
452 1601 507 1634 sese
514 1586 681 1649 pulchraeque
691 1588 754 1636 loeis
766 1588 839 1637 duat.

127 1676 169 1722 1⁰.
187 1672 284 1718 Avibus
298 1673 385 1716 antem
400 1672 565 1729 praepetibus
584 1669 728 1718 contrarias
748 1684 809 1718 aves
824 1672 930 1733 inferos

127 1738 268 1797 appellari,
288 1738 408 1796 Nigidius
418 1738 526 1796 Figulus
536 1740 567 1783 in
582 1739 649 1785 libro
664 1738 748 1797 primo
757 1739 868 1797 Augurii
877 1741 931 1799 pri-

126 1807 181 1851 vati
191 1806 230 1851 ita
238 1805 313 1852 dicit:
336 1805 483 1864 Dircrepat
494 1806 593 1852 dextra
606 1807 746 1862 eiteirtrae,
763 1801 880 1866 praepes
890 1809 930 1853 e'n.

120 1875 215 1937 serae.
242 1875 282 1919 ll.
299 1873 342 1919 Ex
352 1886 403 1930 quo
414 1876 454 1918 est
464 1874 618 1932 coniectare,
629 1876 764 1932 praepetes
775 1873 930 1932 appellatas,

127 1954 192 1999 quae
207 1940 287 1986 altius
303 1939 490 1997 sublimiusque
502 1941 626 1999 volitent5
646 1953 702 1987 cum
711 1940 814 1986 differre
824 1954 840 1985 a
847 1956 930 1999 prae·

122 2008 228 2069 petebas
242 2007 363 2065 Nigidius
380 2006 484 2069 inferar
499 2007 604 2053 dixerit.
641 2010 680 2053 12.
701 2008 861 2054 Adolescens
879 2021 928 2066 ego

125 2076 235 2134 Romae,
249 2076 303 2120 tum
314 2087 370 2120 cum
384 2073 507 2120 etiamad
522 2073 702 2132 grammaticos
717 2074 822 2133 itatem,
839 2075 929 2122 audiui

124 2140 307 2200 Apollinarem
320 2140 477 2200 Sulpicium,
493 2156 567 2200 quem
582 2141 610 2188 iu
624 2141 713 2200 primis
724 2143 855 2203 sectabar,
871 2156 930 2190 autu

125 2209 157 2254 de
168 2207 224 2253 iure
235 2208 344 2266 augurio
356 2212 532 2266 quaereretur,
540 2211 566 2255 et
575 2209 672 2255 mentio
678 2215 834 2269 praepetum
841 2212 929 2257 aviam

124 2276 280 2331 rectaene,
295 2275 392 2321 Erucio
404 2276 494 2332 Claro,
513 2277 644 2335 praelecto
653 2276 720 2334 urbi,
731 2276 829 2323 dicere:
843 2290 928 2337 prae·

122 2348 198 2402 petes
209 2340 259 2387 sibi
270 2341 352 2387 videri
363 2354 419 2388 essc
430 2342 515 2405 alites,
527 2356 590 2401 quss
600 2344 728 2390 Homerus
737 2344 928 2409 aauuattpuyae
942 2337 945 2342 ’

126 2407 311 2467 appellaverit:
330 2409 451 2465 quonlam
462 2412 525 2456 istas
535 2410 697 2468 potissimum
706 2424 817 2470 augures
828 2415 929 2471 specta·

125 2478 199 2535 rent,¹
212 2487 277 2531 quae
287 2473 434 2532 ingentibus
444 2476 495 2522 slis
503 2479 609 2535 patulae
619 2482 695 2536 atque
706 2483 841 2538 porrectae
851 2492 927 2540 prse-

125 2541 255 2587 volarcnt.
290 2541 373 2597 Atque
384 2541 420 2589 ibi
429 2542 476 2589 hos
486 2545 594 2590 Homeri
603 2558 693 2592 versus
704 2544 784 2594 dixit:

163 2612 232 2677 Te'wq
243 2612 269 2664 d'
283 2618 396 2666 οἰωνοῖσι
408 2617 622 2687 τανυπτερύγεσσι
631 2619 738 2679 κελεύεις

158 2686 329 2734 Πείθεσθαι·
347 2685 398 2733 τῶν
409 2684 465 2735 οὔτι
473 2685 651 2756 ,ιιείατρεὲιομί
666 2686 726 2739 ota’
737 2687 854 2757 ἀλεγίζω.
