2067 3034
315 152 395 198 ΗΒ.
414 150 467 200 xl.
503 151 593 199 GAP.
611 152 652 199 13.
830 148 887 204 ,251

328 284 350 334 G
367 282 391 333 Α
406 280 430 334 Ρ
446 282 471 334 ΙΙ
489 284 514 335 T
549 281 640 334 Xlll.

110 351 171 401 Quid
182 349 209 393 Τ.
220 348 344 394 Castricius
354 351 464 395 devertis
474 354 543 408 deque
551 349 665 393 sententio
674 353 772 409 medam
779 348 802 393 0.
810 350 884 397 (trae-

138 407 178 451 cti
191 407 370 456 existimaverim
391 411 492 465 podere
505 420 550 450 em
563 420 614 449 eam
626 406 674 450 sine
682 409 729 451 ello
739 421 813 453 sentus
822 421 884 452 cmo·

138 466 238 507 demto
249 463 356 507 uomere

117 540 142 586 1.
160 540 235 598 Apud
245 542 276 586 Τ,
289 539 456 602 θαιῐτίοἰιιιιι,
475 537 630 597 disciplinae
638 540 784 588 rhetoricae
794 540 886 589 docto-

78 620 148 666 rem,
169 607 243 665 gravi
257 611 333 665 atque
347 608 418 652 firmo
429 606 528 652 iudicio
538 607 635 664 virum,
653 608 789 666 tegebatur
799 609 885 658 oratio

81 676 110 719 C.
124 674 232 720 Gracchi
243 674 271 721 in
281 674 310 720 P.
320 674 458 731 Popilium.
476 675 541 734 2,1n
550 674 607 719 eius
618 674 885 735 oretionisprincipio

81 741 213 787 collocate
223 744 368 787 verberant
377 741 522 787 accuratius
531 740 748 802 modulatiusque,
755 755 830 799 quarn
838 756 885 789 ve-

80 811 166 854 terum
180 811 314 855 oratorum
327 808 486 854 consuetudo
501 809 562 853 fert.
598 810 622 854 3.
640 809 680 855 Ea
694 810 785 869 verbo,
804 809 884 856 sicuti

82 874 141 921 diri
154 875 313 933 composita,
331 875 395 921 haec
405 876 476 921 sunt:
504 876 580 932 Quae
593 888 639 921 vos
647 877 739 934 cupide
746 890 798 936 per
806 876 884 924 hosce

82 956 166 989 annos
176 944 314 1001 appretiatis
325 947 404 1008 atque
413 943 544 997 eoiuiets'a,
555 956 589 988 co
597 944 622 988 ei
630 949 725 988 tenuere
735 943 885 1001 repudiari-

83 1012 131 1067 τίκ,
151 1010 242 1056 abesse
255 1023 306 1056 non
318 1016 421 1068 potest,
439 1012 500 1070 pitin
512 1015 562 1054 out
570 1009 630 1055 olim
639 1010 731 1068 cupide
741 1012 884 1069 appetiere,

82 1084 131 1123 ant
140 1090 205 1123 nune
214 1083 309 1122 temere
319 1078 470 1135 repudiaeec
483 1077 612 1122 dicamini.
646 1079 672 1121 4.
691 1078 787 1122 Cursus
802 1076 883 1134 igitur

74 1145 126 1191 ,hic
143 1147 170 1190 et
183 1156 262 1190 sonus
280 1143 409 1190 rotundae
426 1142 612 1200 volubilisque
624 1143 768 1190 tententiae
786 1143 883 1189 eximie

82 1224 132 1257 nos
142 1213 168 1256 et
178 1210 255 1257 unice
265 1210 418 1267 delectabat,
429 1213 501 1256 tento
512 1210 540 1256 id
548 1210 639 1268 megia,
649 1209 779 1267 quodiam
788 1212 882 1255 tuncG.

82 1278 213 1337 Graccho,
232 1278 289 1324 viro
303 1277 403 1323 illustri
414 1281 441 1323 et
451 1291 556 1339 severo,
576 1276 704 1323 eiusmodi
714 1277 883 1336 compositio.

82 1359 143 1392 nem
152 1345 234 1391 tuisse
243 1344 314 1390 cordi
325 1344 482 1391 videbamus.
518 1348 542 1392 5.
561 1344 612 1391 Sed
626 1344 709 1399 enim,
723 1357 780 1390 cum
793 1344 882 1392 eadem

81 1413 141 1471 ipsa
150 1413 228 1458 verbo
238 1412 342 1470 saepius
351 1411 499 1470 petentibus
509 1413 585 1458 nobis
596 1411 784 1470 lectitarentur,
795 1412 883 1460 edmo-

80 1479 134 1525 niti
143 1478 291 1526 acastricio
302 1481 431 1537 sumus,ut
441 1478 670 1538 consideraremus,
677 1491 742 1535 quae
753 1477 792 1524 vis
801 1479 883 1535 quod·

79 1561 114 1593 ve
129 1547 327 1593 emolumentum
341 1546 398 1591 eius
411 1545 557 1592 sententiae
576 1547 658 1604 toret,
676 1559 760 1602 neque
779 1550 882 1603 patere-

78 1627 153 1673 mur,
172 1614 202 1658 ut
214 1626 290 1659 aures
304 1615 422 1674 nostrae,
442 1613 558 1659 cadentis
574 1614 632 1670 apte
651 1611 778 1659 orationis
797 1613 881 1659 modis

81 1680 243 1742 eblanditae,
263 1679 374 1725 animum
387 1692 488 1738 quoque
501 1680 577 1725 nobis
591 1680 724 1737 voluptate
737 1679 809 1725 inani
824 1678 882 1737 peir-

82 1747 232 1795 funderent.
267 1748 378 1804 cumque
396 1760 446 1793 nos
464 1746 640 1793 admonitione
659 1746 709 1793 ista
728 1747 882 1793 attentiores

81 1814 203 1862 iecisset:
211 1837 214 1840 Δ
223 1813 354 1871 Inspicite,
370 1813 464 1871 inquit,
476 1814 593 1873 penitus,
613 1813 674 1870 quid
684 1814 794 1859 efficient
803 1816 882 1859 verbe

79 1880 157 1939 haec,
178 1879 297 1937 dicetque
305 1880 370 1926 milri
380 1894 476 1938 quaeso
487 1881 582 1938 aliquis
592 1883 718 1936 restrum,
735 1891 768 1925 en
781 1880 817 1925 sit
825 1880 883 1928 ulla

78 1948 188 1994 huiusce
204 1947 350 1994 sententiae
367 1950 412 1993 eut
425 1946 540 2007 gravitas
557 1950 602 1994 aut
616 1946 714 2006 gratia:
744 1948 818 2004 Quae
835 1958 881 1993 vos

79 2014 174 2074 cupide
181 2029 232 2073 per
240 2015 316 2061 hosce
327 2029 409 2062 annos
419 2017 558 2076 appetistit
568 2020 647 2075 atque
657 2014 787 2069 noluistis,
797 2028 830 2058 cn
839 2019 880 2058 tc-

79 2096 150 2130 mcrc
164 2084 189 2128 ei
201 2081 385 2141 repudiaritis,
404 2084 496 2130 abesse
509 2096 560 2128 non
566 2088 667 2141 potest,
688 2082 749 2141 quin
758 2087 806 2126 unt
819 2081 881 2127 olins

79 2150 171 2209 cupide
182 2151 324 2208 appetiere,
344 2153 392 2195 cut
406 2163 472 2195 nunc
485 2155 580 2195 temere
590 2147 740 2208 repudiasse
749 2147 879 2193 dicamini.

79 2221 105 2264 6.
126 2216 174 2262 Cui
187 2217 256 2262 enim
268 2215 383 2262 omnium
391 2211 524 2262 hominum
533 2216 561 2261 in
569 2220 680 2262 mentem
689 2228 742 2261 non
753 2215 837 2273 venit,
852 2214 881 2260 id

79 2284 200 2343 protecto
210 2297 259 2329 usu
270 2282 373 2342 venire,
392 2286 421 2329 ut
430 2283 497 2340 quod
508 2282 601 2340 cupide
615 2281 769 2340 appetieris,
789 2281 880 2341 cupide

79 2349 227 2409 oppetisse,
241 2352 281 2410 et,
295 2352 364 2407 quod
379 2353 476 2396 temere
485 2348 678 2407 repudiaveris,
698 2352 792 2396 temere
802 2359 881 2407 repu-·

80 2417 293 2468 diessedicarist
327 2420 352 2463 t.
369 2416 450 2477 Atsi,
472 2416 576 2478 opinor,
595 2415 692 2475 inquit,
711 2415 883 2475 itoscriptusn

80 2488 164 2532 esset:
184 2485 257 2542 Quae
271 2496 317 2530 cos
324 2499 375 2544 per
382 2483 458 2531 isoscc
468 2498 549 2532 annos
559 2486 698 2544 appetistit
708 2491 790 2543 otqne
799 2485 883 2532 cotue

79 2555 129 2600 stit
135 2570 147 2609 ;
156 2566 189 2598 co
198 2566 265 2598 nunc
275 2554 300 2598 si
308 2551 487 2611 reportaretis,
498 2552 589 2600 obesse
599 2566 650 2597 non
656 2556 752 2610 potest,
763 2554 825 2612 quin
835 2554 884 2596 out

80 2615 143 2668 olim
153 2619 242 2678 cupide
253 2621 401 2678 appetiere,
416 2626 463 2666 aut
472 2634 538 2666 nnnc
547 2626 641 2666 temere
650 2618 800 2677 repudiasse
810 2618 883 2663 dica·

80 2688 159 2735 utini:
184 2690 208 2733 8.
227 2684 262 2749 si,
276 2685 373 2752 inquit,
388 2686 425 2734 ite
435 2686 577 2749 diceretur,
590 2685 696 2747 gravior
705 2685 806 2733 scilicet
815 2684 881 2732 soli·
