2067 3034
320 138 354 185 Ll
364 139 393 185 B.
410 138 477 187 Vll.
512 140 564 185 CA
574 140 603 186 P.
623 143 647 187 3.
827 139 885 190 Υ171

79 252 129 303 seri
140 261 246 302 manere
261 256 437 317 opperirique,
447 260 495 314 ut,
509 271 566 303 cum
581 255 693 304 admissa
703 259 729 304 ct
737 260 884 317 perpetrata

80 324 190 380 luerint,
205 326 260 370 tum
271 324 388 384 denique,
404 325 462 387 ubi,
477 338 544 383 quae
555 327 623 372 lacta
634 328 708 381 sunt,
722 326 818 371 inlecta
827 327 884 373 lieri

3 387 6 405 '
79 405 134 438 non
153 392 276 450 possunt,
295 391 443 449 puniantur.
481 394 525 437 43.
547 394 618 437 Haec
633 392 697 437 'l'iro
718 392 746 437 in
762 394 885 439 Catonern

79 472 134 503 uon
143 457 223 503 nimis
237 458 348 519 frigide,
360 472 444 516 neque
461 472 523 505 sane
537 458 661 505 inaniter.
694 460 737 503 44.
757 458 886 506 Sedenim

80 526 146 573 Cato
162 538 217 569 non
236 525 331 571 nudam
346 539 394 572 nec
409 524 557 572 solitariam
570 539 619 571 nec
629 525 807 583 improtectum
821 521 886 572 hauc

79 586 218 653 ἐπαγωγὴν
234 592 307 637 lacit:
325 592 370 637 sed
384 592 472 638 multis
482 607 539 639 eam
547 592 631 639 modis
646 593 798 651 praefulcit,
817 594 886 640 mul-

80 659 167 716 tisque
187 658 249 704 aliis
268 660 424 717 argumentis
442 660 575 705 convelat:
600 664 640 718 et,
669 659 800 716 quianon
817 661 886 706 Rbo-

82 725 219 773 diensibus
236 726 332 786 magis,
352 739 428 783 quam
436 727 611 784 reipublicae,
631 727 802 788 consultabat,
816 727 887 773 nihil

81 793 132 841 sibi
145 793 216 839 dictu
238 794 356 849 luctuque
371 794 399 839 in
414 808 446 840 ea
460 808 489 839 re
500 796 575 852 turpe
588 794 676 851 duxit,
698 793 760 850 quin
772 793 886 841 omnium

82 859 270 907 sententiarum
279 860 323 906 via
334 864 464 907 servatum
474 860 512 906 ire
523 860 610 907 socius
619 860 754 906 niteretur.
785 862 828 906 45.
846 864 885 907 Ac

82 927 193 986 primum
213 940 245 972 ea
258 940 311 973 non
329 927 455 973 incallide
477 927 646 984 conquisivit,
671 940 736 984 quae
755 940 808 973 nou
827 928 884 973 iure

82 997 191 1040 naturae
210 996 256 1039 aut
273 993 330 1040 iure
348 995 463 1052 gentium
481 995 545 1040 lieri¹
556 994 737 1053 prohibentur,
764 994 809 1039 sed
826 994 885 1040 iure

83 1063 182 1120 legum,
199 1060 240 1107 rei
250 1060 361 1108 alicuius
376 1061 517 1108 medendae
536 1064 582 1107 aut
597 1060 721 1119 temporis
736 1073 813 1106 causa
830 1062 889 1106 ius·-

84 1140 187 1174 sarum:
215 1128 281 1173 sicut
294 1132 334 1174 est
349 1130 379 1174 de
393 1143 500 1176 numero
516 1128 633 1187 pecoris,
653 1132 678 1173 et
692 1127 723 1172 de
735 1127 812 1172 modo
828 1127 889 1185 agri.

82 1195 298 1253 praefinito‚·aut
311 1196 367 1241 eius
380 1196 451 1242 modi
465 1195 562 1253 aliquo.
597 1198 638 1241 46.
657 1197 686 1239 ln
697 1195 789 1251 quibus
798 1198 884 1251 rebus,

84 1262 153 1319 quod
170 1261 325 1319 prohibitum
340 1266 391 1320 est,
410 1263 465 1309 fleri
479 1277 526 1321 per
540 1263 612 1320 leges
627 1262 728 1319 quidem
743 1261 883 1307 nonlicet:

83 1330 152 1375 velle
167 1329 194 1374 id
211 1332 297 1374 lamen
311 1330 411 1390 iacere,
431 1330 453 1375 si
467 1330 560 1385 liceat,
580 1329 745 1376 inhonestum
763 1342 815 1373 non
833 1331 883 1373 est.

83 1397 125 1442 47.
144 1398 228 1452 Atque
248 1409 292 1444 eas
311 1410 352 1442 res
372 1396 484 1458 contulit
502 1410 632 1455 seorsum,
654 1396 806 1452 miscuitque
825 1408 884 1441 cum

84 1477 131 1524 eo,
151 1464 221 1520 quod
233 1475 317 1520 neque
332 1465 419 1510 facere
433 1477 516 1519 neque
531 1464 600 1509 velle
615 1476 662 1521 per
676 1476 733 1508 sese
747 1463 883 1509 honestum

84 1533 135 1589 est3
145 1557 146 1562 =
156 1534 210 1576 tum
225 1530 318 1575 deinde
324 1561 333 1585 ,
345 1544 377 1576 ne
389 1530 549 1588 disparilitas
560 1529 710 1576 collationis
721 1529 826 1575 evidens
837 1530 883 1575 lie·

82 1599 131 1655 ret,
149 1596 268 1655 pluribus
287 1597 313 1642 id
330 1597 531 1656 propugnaculis
545 1597 673 1643 defensat:
690 1610 774 1652 neque
789 1599 882 1643 tenues

83 1664 147 1711 istas
164 1666 190 1710 et
205 1663 354 1710 enucleatas
368 1665 531 1711 voluntatum
543 1664 663 1711 inrebus
678 1663 781 1710 illicitis
791 1676 884 1721 repre·
925 1695 928 1700 -

83 1731 231 1786 tensiones,
250 1731 337 1787 qualia
355 1732 383 1777 in
402 1731 614 1790 philosophorum
634 1730 688 1776 otio
709 1731 883 1788 disputantur,

82 1798 168 1857 magni
178 1797 251 1853 facit,
262 1797 307 1844 sed
317 1798 344 1843 id
353 1799 437 1844 sulum
447 1812 482 1845 ex
493 1811 590 1844 summa
600 1812 649 1856 ope
658 1798 795 1852 nititur‚ut
805 1811 883 1845 causa

83 1865 283 1922 Rhodiensium,
300 1878 408 1923 quorum
423 1865 563 1911 amicitiam
577 1866 685 1911 retineri
699 1878 734 1911 ex
746 1867 883 1922 republica

82 1933 145 1994 luit,
160 1933 206 1978 aut
219 1945 300 1989 aequa
310 1932 480 1988 indicaretur,
496 1934 541 1978 aut
550 1932 651 1990 quidem
664 1936 733 1977 certe
745 1931 883 1989 ignoscen-

83 2001 129 2051 da:
148 2003 224 2057 atque
238 1998 343 2046 interim
355 2013 436 2057 neque
452 1999 714 2046 lecisselihodienses
727 1999 824 2044 bellurn
836 2013 883 2045 uc-

83 2083 130 2126 que
141 2070 227 2114 lacere
241 2066 357 2112 voluisse
371 2067 446 2113 dicit:
458 2063 571 2112 'interim
580 2068 664 2112 autem
675 2068 743 2111 facta
754 2065 811 2111 sola
820 2079 889 2111 cen-²

84 2134 165 2181 tenda
180 2132 244 2179 dicit
258 2135 333 2190 atque
350 2134 376 2179 in
392 2119 516 2179 iudicium
530 2132 654 2193 vocanda,
675 2132 720 2178 scd
732 2133 881 2179 voluntates

82 2203 163 2248 nudas
180 2200 319 2256 inanesque
332 2215 415 2259 aeque
424 2200 526 2258 legibus
539 2214 621 2257 neque
635 2200 725 2257 poenis
736 2200 791 2245 fieri
800 2201 890 2246 obno·'

82 2270 153 2315 xias:
177 2268 307 2313 interdum
326 2271 418 2324 autem,
439 2268 512 2325 quasi
522 2266 663 2323 deliquisse
684 2280 728 2312 eos
748 2269 889 2322 concedat,⁴

81 2335 183 2395 ignosci
196 2334 318 2394 postulat,
329 2338 356 2380 et
365 2334 540 2393 ignoscentias
549 2335 627 2379 utiles
638 2347 695 2380 esse
705 2335 781 2380 rebus
791 2336 881 2379 huma-

81 2403 122 2450 nis
133 2403 222 2447 docet:
239 2414 269 2447 ac
281 2401 333 2446 nisi
349 2403 497 2460 ignoscant,
516 2404 600 2446 metus
614 2402 641 2445 in
650 2402 782 2459 republica
795 2414 881 2447 rerum

81 2483 208 2516 novarum
217 2470 315 2513 monet:
334 2469 456 2515 sedenim
467 2471 564 2523 contra,
575 2467 598 2513 si
609 2468 766 2525 ignoscatur,
777 2481 882 2513 conser-

81 2541 170 2584 vatum
179 2535 213 2581 iri
223 2535 335 2580 ostendit
345 2535 550 2594 populillomaui
561 2536 771 2594 magnitudinem.
787 2535 881 2581 48.Su·

81 2604 188 2663 perbiae
202 2616 302 2660 quoque
316 2604 424 2660 crimen,
445 2602 583 2659 quod‘tunc
592 2608 695 2661 praeter
706 2605 791 2649 cetera
801 2602 828 2647 in
840 2614 882 2646 se-

3 2663 7 2680 ’
81 2676 144 2718 natu
160 2669 492 2718 Rhodiensibus'cbiectum
506 2673 574 2732 erat,
588 2671 694 2718 mirifica
707 2672 734 2716 et
746 2683 826 2731 prope
841 2669 882 2715 di-
