2067 3034
78 87 191 168 'aaa
295 53 296 58 ¹
367 83 710 133 numanati

139 205 241 266 agenda
253 216 332 252 causa
342 204 479 263 probatur:
499 201 653 261 oporteatne
668 199 727 249 eu'm
746 197 891 251 seeundum
910 213 951 261 es,

139 288 204 332 quae
214 273 300 320 sciens
310 271 391 330 venit,
401 270 527 330 indicere,
538 270 725 317 ausecuudum
735 283 775 330 es,
786 281 854 327 quac
865 282 952 328 agun-

139 346 190 388 tur.
226 343 264 386 1⁵.
281 339 406 397 metium,
418 336 511 395 inquit,
528 337 706 395 quaerimus,
721 351 755 383 un
765 338 858 384 deceat
869 340 952 396 atque
1014 359 1015 398 y

139 407 277 455 conveniat
285 404 382 465 iudici,
396 417 473 451 causa
482 405 534 450 iam
544 404 661 465 cognita,
681 404 704 449 si
714 404 826 450 locustas
836 416 897 450 csse
908 406 950 450 vi·
1014 400 1015 412 ¹

138 476 231 521 deutur
240 471 412 532 componendi
424 472 540 530 negotii,
560 472 644 518 otbeio
656 472 788 530 paulisper
799 469 897 517 iudicis
908 472 952 517 di'.

139 543 205 602 lato,
226 539 366 587 communis
388 538 517 585 amicitiae
537 541 563 585 et
579 538 653 597 qussi
667 538 841 596 paciscamur
857 541 951 596 partes

137 609 265 667 recipere.
285 607 410 662 teneque
417 606 484 652 illud
492 606 602 664 amplius
611 606 706 664 ambigi
715 618 745 651 ao
756 604 871 653 dubitari
880 606 950 663 scio,

99 672 101 676 '
139 676 264 722 debeatne
272 673 430 719 iudexinter
439 673 654 731 cognoscendum,
663 686 703 730 es,
713 685 778 731 qnae
786 672 857 719 dieto
866 683 951 730 quse·

140 742 243 799 situque
253 754 319 799 opus
327 741 374 798 est,
381 740 499 787 dicereet
508 753 642 800 quaerere,
649 739 840 800 etiamsinon·
850 753 884 787 cc
894 739 950 787 diei

138 809 277 867 quaerique
291 808 416 866 interest,
435 821 518 866 neque
533 807 603 854 dicat
612 821 695 865 neque
704 806 835 867 postulet3
854 810 949 866 patro·

140 876 223 922 cinari
237 875 307 922 enim
319 888 426 933 prorsus
443 875 657 937 hecenensium,
676 888 731 921 uon
740 874 867 920 iudicare.
907 878 949 924 17.

139 943 246 990 Praeter
255 943 328 998 bace,
342 955 420 1000 super
430 957 461 989 ea
471 956 572 1001 queque
582 956 611 989 re
622 942 788 1002 dissentitur,
804 953 840 987 au·
849 955 885 989 ex
896 956 948 989 usu

141 1024 224 1067 exque
237 1011 322 1057 odino
332 1009 366 1056 sit
375 1010 483 1068 iudicis,
501 1025 558 1058 rem
567 1022 729 1070 causamque,
745 1009 777 1055 dc
787 1022 838 1067 qus
847 1023 949 1069 cogno·

140 1078 204 1138 seit,
225 1076 470 1124 interlocutionibus
485 1079 540 1124 suis
555 1077 593 1123 ita
609 1079 759 1136 exprimere
776 1076 948 1136 consignaress

142 1157 201 1204 que,
215 1146 314 1191 utente
324 1144 469 1191 sententiae
479 1148 581 1203 tompus
592 1158 625 1191 ex
636 1145 678 1204 iis,
694 1158 760 1202 quaa
770 1144 837 1202 apud
848 1158 906 1191 eum
919 1146 949 1192 in

140 1225 263 1272 praesens
274 1212 381 1257 contuse
390 1211 513 1269 vari-eque
524 1212 657 1270 dicuntur,
674 1212 791 1271 perinde,
804 1215 835 1256 ut
843 1217 947 1269 quoquc

141 1279 170 1326 in
180 1280 239 1325 loco
250 1292 280 1326 ac
290 1280 404 1336 tempore
413 1281 544 1334 movetur,
563 1280 638 1338 signa
652 1284 679 1325 et
692 1280 791 1326 indicia
801 1279 881 1326 faeiat
889 1294 947 1326 mo-

108 1370 112 1378 ·
131 1352 184 1400 tas
194 1352 271 1404 atque
281 1358 372 1392 sensus
383 1346 433 1392 sui.
464 1348 503 1392 18.
518 1349 582 1393 Num
593 1347 637 1404 qoi
648 1347 756 1398 iudices.
766 1346 858 1407 inquit,
870 1361 946 1395 acres
1014 1351 1015 1362 ¹

142 1418 219 1470 atque
229 1414 329 1460 celeres
339 1413 473 1469 videntur,
490 1427 544 1459 non
554 1414 632 1459 aliter
643 1414 795 1460 existiment
808 1425 874 1474 rem,
895 1427 948 1473 qun

142 1482 175 1527 de
186 1481 284 1540 agitur,
304 1480 423 1539 indagari
434 1481 665 1539 comprehendique
676 1494 766 1540 posse,
784 1480 836 1527 nisi
848 1479 880 1539 is,
899 1484 947 1541 qui

141 1548 255 1606 iudicat,
276 1547 372 1593 crebris
383 1548 633 1607 interrogationibus
646 1548 852 1607 necessariisque
863 1548 946 1597 iuter·

140 1614 319 1662 locutionibus
333 1619 359 1659 ot
375 1628 434 1661 suos
451 1628 541 1662 sensus
557 1615 672 1678 operiat,
692 1616 888 1676 stlitigontium
901 1619 945 1664 de-

141 1682 293 1743 prehendat.
326 1683 366 1728 lo.
386 1684 482 1734 Contra
491 1687 584 1739 autem,
595 1684 639 1739 qui
649 1683 797 1730 sedatiores
803 1686 830 1729 et
840 1685 947 1742 gratim

140 1761 184 1797 res
200 1752 337 1811 putantur,
357 1753 453 1809 negant
468 1750 581 1796 iudicem
595 1750 688 1797 debere
703 1751 763 1798 ante
779 1752 947 1809 seutentiam,

142 1817 201 1881 dum
211 1827 292 1865 caum
298 1817 420 1875 utrinque
429 1817 551 1876 agitatur,
557 1817 677 1875 quotiens
687 1818 776 1877 aliqua
785 1830 814 1864 re
823 1821 947 1877 poposits

140 1888 287 1947 natusest,
300 1885 396 1932 totiens
406 1884 562 1943 significare,
574 1885 636 1941 quid
645 1886 749 1932 sentiat.
784 1885 947 1935 Eventurum

142 1951 211 2001 oiim
221 1953 309 2015 aiunt,
323 1955 365 2012 nt,
383 1954 443 2011 quie
453 1965 500 2011 pro
513 1952 638 1999 varietate
647 1952 857 2011 propositionum
868 1967 947 2015 argu-

141 2026 335 2078 mentorumque
349 2019 417 2066 alius
431 2022 507 2077 utque
522 2018 591 2065 alius
604 2023 690 2067 motus
709 2020 788 2066 animi
806 2020 947 2079 patiendus

142 2092 191 2145 cst,
208 2088 371 2145 eliceretque
379 2085 459 2133 aliter
468 2087 558 2133 eadem
569 2086 597 2133 in
607 2101 684 2134 causa
694 2088 833 2145 eodemque
839 2088 871 2133 in
880 2093 946 2137 tem·

142 2168 207 2214 poro
217 2153 315 2202 sentire
325 2157 352 2201 et
361 2153 505 2212 interloqui
513 2154 643 2201 videatur.
678 2158 723 2201 20:
738 2153 890 2209 Scironis,
902 2158 945 2204 rm

143 2225 210 2279 quit,
225 2226 251 2268 et
261 2223 355 2268 ceteris
365 2221 544 2268 huiuscemodi
553 2221 685 2268 iudicialis
695 2217 773 2268 officii
782 2224 950 2286 tractatibus,⁴

144 2294 170 2334 ct
180 2302 229 2334 nos
239 2290 354 2347 posthac,
372 2301 428 2334 oum
439 2289 490 2335 erit
500 2288 594 2348 otium,
609 2287 695 2336 dicere
701 2321 709 2346 ,
722 2290 784 2347 quid
794 2289 944 2353 sentiamus,

144 2354 306 2416 conabimur,
325 2359 350 2401 et
364 2358 503 2414 praecepta
515 2356 587 2403 Aelii
600 2357 745 2404 Tuberonis
763 2369 842 2416 super
860 2360 945 2406 otllcio

144 2420 247 2476 iudicis,
261 2423 484 2479 quaenuperrime
493 2423 559 2481 legi,
574 2425 773 2474 recensebimus.
808 2423 849 2471 11.
869 2423 946 2479 Quod

144 2489 230 2533 eutem
239 2486 272 2531 sd
280 2488 413 2543 pecuniam
424 2490 546 2546 pertinet,
557 2503 633 2548 quam
643 2492 711 2551 apud
721 2491 832 2537 iudicem
842 2493 897 2551 peti
907 2493 948 2540 ui-

144 2552 222 2610 xisti,
236 2553 332 2598 suadeo
341 2553 429 2600 hercle
439 2557 500 2615 tibi,
514 2559 589 2603 utare
599 2560 634 2603 M.
646 2559 765 2615 Catonis,
774 2560 944 2617 prudentissi-

142 2620 178 2665 mi
190 2617 401 2672 vnn-coneilio:
422 2623 508 2679 quiin
523 2624 653 2687 oratione,
673 2639 748 2685 quam
763 2635 810 2684 pro
819 2627 850 2674 L.
862 2627 944 2673 Turio
