2067 3034
157 105 193 159 48
412 103 518 152 AULl
553 101 711 151 onnon

157 219 333 284 διεζευγμένον
342 220 427 268 videri
435 219 531 278 potest.
564 218 645 264 Deest
653 218 722 265 enim
735 217 905 266 disiunctioni
918 220 964 267 isti

156 291 274 337 tertium:
292 291 338 336 ant
346 301 429 346 neque
438 287 548 333 honesta
557 288 626 340 sunt,
634 299 717 343 neque
728 285 821 345 turpia.
853 287 962 341 Quodsi

157 357 269 415 additur,
284 358 370 415 potest
379 355 417 401 ita
431 352 565 400 concludi:
583 365 766 411 nunnunquam
776 356 818 400 est
825 354 907 412 igitur
917 368 964 413 po·
1028 377 1029 392 ι

156 424 190 471 tri
200 423 347 483 parendum.

400 568 587 622 CAPUT
621 568 710 622 Vlll.

187 674 250 724 Quod
255 686 342 730 parson
351 686 427 730 aequa
435 670 584 728 reprehensio
593 662 695 730 Ερὶἔιινι·
703 670 851 716 aPtutacclc
859 677 965 729 peracto

211 730 243 774 stt
252 731 277 773 ιἰι
285 728 419 788 syllogismo
429 729 561 782 antiplona.

189 828 214 873 1.
235 822 390 871 Plutarchus
409 822 522 869 secundo
541 821 680 878 librorum,
705 834 771 880 qnos
789 821 827 867 De
844 822 961 868 Homero

154 891 312 951 composuit,
332 890 482 948 imperfecte
499 892 575 945 atque
592 892 760 949 praepostere
772 890 849 947 atque
864 888 961 935 isscits

154 959 308 1021 syllogismo
319 970 376 1003 esse
385 970 460 1002 nsum
465 956 604 1014 Epicurum
614 956 684 1014 dicit,
694 959 823 1014 verbaque
833 954 963 1015 ipsaEpi-

154 1028 211 1076 mri
221 1026 309 1086 ponit:
325 1018 355 1069 ‘0
371 1016 489 1075 θάνατος
504 1017 580 1068 οὐδὲν
589 1018 653 1086 πρὸς
662 1017 744 1085 ἡμᾶς·
764 1017 795 1070 τὸ
807 1016 857 1088 γὰρ
868 1020 965 1070 dictvr-

152 1093 206 1141 θὲν
225 1086 396 1149 ἀναισθητεῖ·
421 1087 453 1137 τὸ
470 1087 498 1136 ol
513 1083 695 1150 ἀναισθητοῦν
709 1083 786 1138 οὐδὲν
799 1086 865 1154 πρὸς
877 1084 962 1150 ἡμᾶς.

154 1165 180 1210 2.
198 1161 266 1207 Nam
274 1158 460 1218 praetermisit,
474 1157 568 1215 inquit,
584 1158 653 1216 quod
662 1157 690 1205 in
699 1159 782 1216 prima
791 1162 864 1217 parte
874 1171 962 1204 sumo-

154 1242 184 1277 re
194 1227 293 1274 debuit:
303 1221 350 1270 τὸν
357 1220 477 1270 θάνατον
486 1222 551 1269 εἶναι
560 1222 646 1284 ψυχῆς
654 1222 697 1271 καὶ
707 1219 828 1287 σώματος
835 1218 962 1271 διάλυσιν.

155 1298 180 1344 3.
197 1296 263 1342 Tum
273 1293 365 1339 deinde
376 1292 466 1338 eodem
475 1290 543 1350 ipso,
558 1292 628 1349 quod
638 1292 774 1353 omiserat,
787 1293 862 1351 qussi
872 1291 962 1350 posim

156 1374 339 1420 mucessoque,
350 1359 383 1405 ad
393 1359 593 1405 continuandum
601 1359 673 1406 aliud
683 1359 773 1406 utitur.
807 1361 834 1406 4.
849 1360 964 1417 Progre-

156 1429 183 1476 di
193 1431 278 1475 antem
287 1427 340 1485 hie,
354 1426 452 1483 inquit,
466 1425 648 1485 syllogismus,
662 1425 714 1473 nisi
723 1427 772 1473 illo
782 1425 854 1485 prius
863 1426 963 1484 posito,

155 1510 210 1547 non
223 1494 319 1555 potest.
353 1497 378 1540 t.
401 1494 468 1540 Vere
481 1493 532 1541 hoc
546 1494 649 1550 quidem
661 1493 814 1541 Plutarchus
829 1494 860 1539 de
876 1494 965 1539 forms

156 1566 184 1610 et
197 1563 288 1610 ordine
302 1560 449 1620 syllogismi
461 1561 574 1619 scripsit.
609 1562 675 1608 Nsru
685 1561 720 1617 si,
738 1561 805 1607 utin
814 1559 964 1618 disciplinis

156 1630 282 1688 traditur,
298 1628 336 1675 ita
346 1627 472 1687 colligere
482 1631 508 1674 et
517 1627 671 1676 ratiocinari
680 1628 761 1683 velis,
775 1627 813 1674 sio
822 1627 873 1674 dici
881 1641 965 1685 opor·
1027 1658 1028 1671 t

155 1700 208 1745 tet:
225 1691 240 1743 ὅ
251 1691 371 1747 θάνατος
380 1693 465 1755 ψυχῆς
480 1693 524 1740 καὶ
534 1687 655 1756 σώματος
667 1690 796 1747 διάλυσις·
816 1691 848 1740 τὸ
861 1691 889 1740 δὲ
900 1690 965 1741 deo·

156 1762 240 1812 λυθὲν
250 1755 421 1822 ἀναισθητεῖ·
439 1760 470 1808 τὸ
481 1758 510 1807 dl
518 1755 699 1821 ἀναισθητοῶ
713 1756 790 1808 οὐδὲν
802 1755 867 1824 πρὸς
880 1754 963 1823 ἡμᾶς.

156 1836 182 1879 o
199 1831 250 1881 Sed
262 1830 405 1890 Epicurus,
420 1828 576 1876 cuicuimodi
588 1828 666 1876 homo
676 1831 728 1887 est,
744 1843 798 1877 uon
807 1828 912 1876 inscitia
921 1828 965 1874 vi-

158 1900 234 1947 detur
242 1901 341 1957 partem
350 1898 423 1944 illum
433 1896 580 1956 syllogismi
589 1896 802 1955 praetermisisse.
837 1899 862 1942 ’1.
871 1898 966 1953 Neque

157 1967 186 2014 id
196 1966 222 2014 ei
231 1965 365 2025 negotium
375 1964 432 2021 tuit,
441 1963 622 2023 syllogismum
631 1966 751 2023 tunquam
760 1963 788 2010 in
798 1963 894 2010 sciolis
904 1961 967 2022 phi-
1027 1966 1028 1991 ³

157 2033 328 2093 losophornm
336 2045 393 2079 cum
401 2031 515 2077 numeris
526 2030 643 2077 omnibus
653 2033 680 2079 et
690 2044 747 2078 cum
756 2031 810 2077 suis
820 2030 912 2077 linibus
922 2029 966 2075 di-

159 2114 231 2158 oere;
252 2104 280 2146 et
291 2101 423 2158 proiecto,
442 2099 503 2156 quia
516 2098 647 2156 separatio
662 2098 742 2146 animi
761 2100 788 2145 et
807 2097 925 2156 corporis
935 2096 966 2143 in

156 2170 240 2216 morte
250 2167 356 2214 evidens
370 2168 422 2223 est,
440 2179 494 2212 non
504 2168 544 2212 est
552 2167 638 2225 retus,
657 2166 895 2213 necessariumesre
905 2162 966 2210 eius

157 2233 368 2293 admonitionem,
372 2234 443 2292 quod
452 2232 571 2280 omnibus
581 2245 689 2291 prorsus
699 2236 756 2279 erat
762 2232 876 2279 obvium.
882 2232 967 2281 &Sio-

155 2299 196 2349 uti
221 2301 306 2356 etism,
316 2301 385 2358 quod
395 2299 588 2348 conclusionem
599 2299 748 2359 syllogismi
757 2313 809 2346 non
818 2299 847 2345 in
855 2299 905 2345 fine
914 2311 967 2355 po·

157 2368 222 2429 snit,
242 2367 287 2414 sed
300 2367 328 2413 in
341 2367 486 2425 principio:
503 2380 565 2414 nam
576 2366 604 2414 id
617 2380 719 2424 quoque
731 2380 785 2413 non
794 2365 913 2424 imperite
923 2366 967 2410 ia-

157 2439 239 2494 mnm,
253 2433 311 2492 quis
325 2446 379 2479 uon
389 2433 476 2480 videti
512 2438 536 2480 o.
553 2433 629 2492 Apud
638 2434 775 2481 Platonem
785 2446 888 2492 quoque
897 2431 969 2479 mul·
1026 2436 1027 2483 t

156 2503 193 2550 tis
204 2502 232 2550 in
240 2499 308 2549 locis
316 2499 432 2558 reperies
443 2500 624 2560 syllogismos,
637 2501 774 2560 repudiato
786 2512 968 2557 conversoque
1026 2492 1027 2533 l

158 2568 250 2619 ordine
259 2568 324 2625 isto,
343 2565 387 2624 qui
397 2566 425 2612 in
435 2568 553 2614 docendo
564 2567 687 2624 truditur,
707 2580 764 2614 cum
777 2565 891 2626 eleganti
900 2580 967 2625 qus·
1025 2580 1026 2607 1

158 2636 216 2685 dam
225 2633 436 2695 reprehensionis
446 2634 619 2683 contemtione
629 2635 730 2693 positos
741 2647 807 2681 esse.
