2067 3034
155 123 208 176 190
408 124 517 174 Aiihl
552 122 712 171 undull

406 237 593 292 CAPUT
628 238 714 292 XXL
793 263 795 267 ·
869 265 872 270 ’

185 325 285 375 Quoad
297 328 385 375 osset,
395 325 523 379 etquoad
532 321 683 372 morietur,
695 336 736 365 cur
753 321 843 379 «tipum
862 338 958 383 emporis

210 378 349 437 sitnfficmt
361 393 411 423 eron
420 393 449 422 ex
460 381 543 422 umbus
551 377 677 437 sintfacta
687 380 812 423 soumarias

189 460 215 505 1.
234 456 331 515 Quoad
338 457 410 503 vivet
420 468 478 502 eum
488 454 592 512 dieitur,
602 454 664 501 item
675 456 764 516 quoad
773 461 908 513 monetur,
923 457 962 502 vi·

158 527 250 571 dentur
262 523 365 582 quidem
379 523 445 569 dune
459 534 502 568 res
513 521 566 568 dici
576 522 735 569 contrariae:
753 524 799 569 sed
809 521 877 567 idem
886 525 962 581 utque

157 605 235 637 unum
245 594 346 650 tempus
359 593 468 648 utreque
482 590 562 635 verbe
572 590 757 637 demonstrent.
790 591 816 636 2.
833 590 898 635 Item
906 604 962 637 oum

156 658 252 705 dicitnr
261 659 351 718 quoad
358 664 467 705 senatus
475 656 625 712 habetitur,
630 660 658 702 et
666 658 754 717 quoad
759 662 866 705 senatus
876 658 962 703 ds‘nss‘t-

156 732 242 771 retur:
253 724 357 772 tametsi
366 726 462 771 haberi
469 725 546 781 utque
556 724 652 770 dimitti
661 724 792 771 contraris
802 727 874 769 sunt:
884 739 962 771 unum

156 797 233 849 utque
248 791 360 849 idipsum
378 794 465 838 tomen
483 794 596 849 utroque
610 789 639 838 in
652 793 729 837 verbo
745 790 901 838 ostenditur.
937 795 960 839 3.

154 861 283 918 Tempora
293 859 363 905 euim
373 859 425 905 duo
436 872 493 916 oum
502 858 572 905 inter
582 871 611 905 se
623 858 821 919 oppositarum,
833 861 914 916 utque
924 857 961 906 its

154 925 333 983 cohaerentia,
348 929 377 972 ut
389 926 498 973 alterius
509 925 567 971 finis
578 939 634 972 cum
644 925 752 971 alterius
763 926 840 972 initio
849 926 961 973 miscen-

152 998 209 1050 tur,
222 1008 278 1041 non
286 995 381 1053 refert,
396 997 482 1040 utrum
493 1005 542 1051 per
551 991 741 1039 extremitatem
751 994 854 1055 prioris,
872 1008 905 1039 an
916 1009 962 1052 per

153 1060 258 1110 initium
267 1061 493 1121 sequentisriocns
502 1060 560 1119 ipse
570 1058 678 1105 confinis
688 1059 888 1107 demonstretur.

394 1192 456 1245 ΟΛ
472 1191 495 1244 Ρ
513 1191 538 1243 U
556 1191 581 1242 T
616 1189 720 1243 xxn.

183 1279 248 1328 Quod
260 1289 360 1321 censores
374 1290 454 1335 equam
463 1275 564 1319 adimere
572 1274 639 1319 soliti
650 1275 697 1319 sint
705 1275 814 1333 equitibus
823 1280 963 1333 corpulentis

209 1340 234 1378 et
245 1334 450 1401 praepinguibus&
458 1331 638 1399 memquss
656 1338 734 1375 utrum
747 1348 775 1376 ea
783 1348 823 1400 ⁸m
832 1348 883 1378 cum
892 1335 961 1391 igno·

208 1390 287 1441 minsa,
299 1405 331 1433 an
339 1391 448 1433 mcolums
457 1392 572 1444 mgnstate
581 1388 759 1446 eqnstrrrnfacta
767 1398 806 1434 sst.

189 1467 213 1514 1.
231 1466 316 1514 Nimis
327 1465 417 1526 pingui
426 1465 525 1512 homini
534 1467 561 1511 et
571 1464 724 1523 corpulento
736 1479 856 1514 censores
868 1483 962 1527 equum
1012 1473 1015 1486 “

154 1535 268 1581 adimere
279 1535 383 1594 solitos,
402 1533 504 1580 scilicet
517 1532 604 1579 minus
619 1532 740 1579 idoneum
753 1537 824 1580 ratos
835 1550 893 1582 esse
905 1552 962 1584 cum

152 1602 219 1649 tenti
235 1602 352 1661 eorporis
367 1602 482 1661 pondere
497 1601 531 1646 sd
540 1598 685 1646 faciendum
695 1601 789 1657 equitis
799 1616 900 1649 munus.
936 1610 961 1652 2.

152 1671 212 1717 Non
223 1669 292 1716 enim
301 1682 385 1728 poene
396 1669 421 1715 id
432 1669 492 1729 fuit,
506 1671 536 1714 ut
545 1667 647 1725 quidam
657 1667 824 1715 existimant:
847 1671 893 1717 sed
903 1686 948 1718 mu

152 1750 200 1783 nus
212 1737 268 1784 sine
279 1736 423 1796 ignominia
432 1736 620 1782 remittebatur.
643 1737 667 1781 3.
678 1735 775 1781 Tamen
786 1737 849 1783 Ceto
860 1736 889 1783 in
899 1753 961 1785 orn*

151 1805 235 1865 tione,
247 1818 320 1864 quom
330 1804 368 1850 De
380 1803 507 1850 sacrificio
518 1801 654 1849 commisso
665 1801 780 1863 scripsit,
792 1804 884 1850 obiicit
893 1805 962 1854 hone

151 1884 208 1919 rens
222 1871 400 1930 criminosius,
418 1870 458 1917 uti
471 1869 554 1930 magis
564 1869 647 1915 videri
656 1868 739 1927 possit
749 1883 805 1915 cum
816 1872 963 1930 ignominia

151 1939 245 1987 fuisse.
280 1943 303 1985 4.
323 1938 398 1993 Quod
412 1937 436 1983 si
445 1937 483 1983 its
495 1936 622 1996 accipias,
638 1934 792 1993 idproseeto
803 1940 961 1987 existiman-

153 2007 213 2052 dum
222 2009 269 2062 est,
279 2020 332 2052 non
342 2004 447 2052 omnino
458 2003 617 2062 inculpatum
627 2015 709 2060 neque
721 2003 865 2053 indesidem
875 2009 961 2057 visum

152 2087 218 2130 esse,
226 2074 298 2119 cuins
308 2086 401 2131 eorpus
411 2071 439 2118 iu
448 2074 501 2118 tam
509 2069 673 2117 inimodieum
683 2071 787 2119 modum
796 2075 963 2126 luxuriasset

152 2142 377 2198 exuberassetque.

1027 159 1032 230 i
