2067 3034
139 171 201 230 '3⁶8
403 176 508 227 num
543 175 703 226 GELLll

148 296 229 357 serit,
245 295 396 355 colligetur,
414 294 511 343 babere
525 309 583 342 eum
598 308 703 353 cornua,
721 306 786 351 quae
798 291 950 353 uonpcrdi·

149 365 196 411 dit.
231 366 270 409 ll.
292 363 395 409 Rectius
414 364 496 421 igitur
514 362 664 420 cautiusque
683 363 720 407 ita
738 361 952 420 respondebitur:

148 430 273 490 quidquid
283 429 368 490 habui,
379 430 405 475 id
414 430 505 485 babeo,
516 430 537 475 si
548 429 574 474 id
584 443 636 475 non
647 427 758 488 perdidi.
786 430 827 474 12.
843 428 895 474 Sed
904 428 952 474 bn·

148 497 292 545 iuscemodi
306 496 441 554 responsio
458 510 510 543 non
521 498 548 542 fit
561 510 595 542 ex
605 508 636 542 eu
646 496 718 555 lege,
738 508 813 554 quam
825 495 950 542 diximus.

147 566 211 612 Plus
222 562 303 619 enirn,
320 576 394 620 quem
405 564 475 621 quod
485 565 591 621 rugatus
601 565 654 620 est,
673 562 822 620 respondet.
860 564 901 608 13.
918 561 952 607 Et

147 634 286 690 propterea
300 630 326 675 id
337 643 438 687 quoque
449 630 480 674 ad
491 644 548 675 eam
558 630 641 687 legem
651 630 712 674 addi
722 631 807 689 solet,
826 641 880 676 non
891 641 950 675 esse

141 697 272 757 eaptiosis
282 696 529 756 interrogationibus
538 696 755 755 respondendum.

408 828 595 881 cnPuT
629 829 686 880 111.

177 913 281 964 &aarum
295 912 386 957 ratlane
399 910 463 969 effici
473 912 559 957 dixerit
567 912 722 956 Erasistratus
735 911 839 963 meltinas,
859 910 881 955 ss'
889 911 952 955 cibus

198 968 269 1027 sorte
280 969 356 1020 deerit,
365 975 392 1011 ut
402 969 498 1012 tolerari
506 968 674 1026 aliquantisper
683 968 759 1011 inertia
766 969 849 1024 possit,
859 974 883 1011 et
894 971 952 1011 tole·

204 1025 257 1067 ruri
264 1024 356 1082 sameas
374 1026 484 1082 vadoque
498 1024 551 1080 s'psss
559 1024 700 1067 Erasistrati
707 1037 773 1079 super
782 1039 810 1067 ea
818 1038 843 1067 re
852 1026 951 1081 scripta.

185 1104 208 1150 l.
231 1104 294 1148 Cum
311 1101 442 1147 Favorino
458 1101 554 1147 Romae
571 1100 625 1147 dies
642 1101 791 1158 plerumque
804 1103 876 1147 totos
892 1114 953 1147 era·

149 1182 218 1217 mus:
237 1169 390 1225 tenebatque
400 1168 500 1213 animos
509 1171 614 1214 nostros
623 1169 699 1214 homo
710 1168 758 1215 ille
768 1166 840 1213 tandi
853 1168 952 1214 dulcis·

151 1238 246 1292 simus;
274 1238 349 1292 atque
359 1248 430 1295 eum,
448 1247 550 1291 quoquo
562 1235 624 1292 iret,
644 1234 719 1293 quasi
728 1248 761 1281 ex
773 1234 864 1292 lingua
874 1248 956 1293 pror.

143 1302 273 1351 eumelus
290 1301 371 1360 capti,
386 1303 614 1360 prosequebamur:
635 1301 672 1348 ita
684 1301 847 1348 sermonibus
857 1315 956 1360 usqueo

150 1384 250 1431 quaque
260 1368 449 1415 amoenissimis
460 1367 630 1415 demulcebat.
664 1371 688 1415 2.
708 1369 773 1414 Tum
782 1368 815 1414 ad
825 1369 953 1426 quendam

150 1452 256 1497 aegrum
270 1450 325 1482 cum
340 1435 405 1483 isset
418 1437 514 1491 visere,
533 1449 632 1494 nosque
643 1450 698 1482 eum
709 1447 740 1482 eo
751 1449 803 1482 uua
812 1435 954 1484 introisse·

149 1519 214 1568 suus,
226 1504 355 1560 multoque
366 1502 397 1548 ud
406 1502 529 1562 medicos,
544 1502 649 1561 quitum
660 1505 727 1549 torte
737 1502 798 1549 istic
809 1507 891 1561 eraut,
907 1518 954 1550 va·

148 1570 276 1619 letudinis
290 1571 345 1616 eius
362 1571 458 1628 gratis,
478 1569 598 1616 oratione
613 1571 712 1616 Graeca
726 1569 851 1617 dixisset:
870 1573 909 1618 Ao
919 1585 954 1618 ne

144 1638 199 1685 ›boe
208 1637 320 1695 quidem,
331 1638 422 1693 inquit,
432 1635 526 1682 mirum
535 1636 619 1681 videri
629 1637 713 1695 dehet,
724 1637 800 1695 quod,
812 1651 867 1684 eum
877 1643 952 1685 ante·

149 1705 197 1751 bac
208 1718 308 1762 semper
318 1703 412 1750 edundi
422 1703 499 1749 tuerit
511 1707 649 1763 appetens,
668 1717 746 1762 nunc,
766 1708 825 1762 post
839 1706 952 1762 impera·

148 1777 202 1820 tam
215 1771 327 1818 inediam
342 1769 439 1824 tridui,
458 1771 542 1816 omnis
556 1772 611 1816 eius
622 1771 746 1831 appetitio
756 1771 867 1830 pristina
877 1774 951 1820 elau·

144 1840 243 1899 guerit.
279 1841 302 1884 3.
320 1839 385 1884 Nam
394 1837 463 1894 quod
471 1838 645 1886 Erasistratus
656 1839 786 1897 scriptum,
802 1838 895 1902 inquit,
909 1854 952 1888 re·

146 1906 235 1964 liquit,
253 1905 437 1965 propemodum
447 1918 535 1951 verum
546 1910 598 1951 est:
618 1906 788 1953 esuritionem
799 1903 901 1954 faciunt
912 1908 952 1953 in.

146 1988 210 2022 anes
220 1977 388 2031 patentesque
398 1971 582 2018 intestinorum
593 1973 680 2033 librae,
696 1976 722 2018 et
732 1986 796 2020 eura
805 1975 876 2021 intus
887 1988 953 2023 vene

146 2041 204 2098 tris,
224 2045 250 2087 et
265 2038 389 2086 stomachi
405 2051 486 2084 vacua
502 2041 528 2084 et
545 2039 658 2086 hiantis:
682 2053 747 2097 quae
765 2041 808 2087 ubi
828 2042 953 2090 anteibo

146 2108 320 2169 complentur,
339 2109 384 2152 aut
397 2104 523 2151 inanitate
537 2106 638 2153 diutina
653 2107 840 2155 contrahuntur
849 2111 876 2154 et
885 2123 954 2155 oon·

145 2176 246 2233 uisent,
257 2179 318 2221 tunc
328 2174 395 2232 loeo,
405 2174 433 2218 in
442 2186 515 2230 quem
526 2173 598 2219 cibus
609 2173 721 2232 eapitur,
740 2175 784 2220 vel
793 2176 890 2234 stipato
906 2176 951 2224 vel

146 2242 272 2302 adducto,
290 2241 411 2287 uoluntas
426 2239 545 2299 capiendi
560 2240 616 2287 eius
627 2241 840 2300 desiderandique
850 2244 951 2288 reatin.

145 2307 241 2369 guitur.
268 2310 293 2353 4.
311 2307 418 2366 Scythas
429 2320 538 2365 quoque,
549 2307 587 2353 ait
596 2308 703 2354 eundem
713 2306 899 2356 Erasistratum
909 2309 951 2355 di·

147 2387 228 2432 cere,·
238 2388 294 2419 cusu
308 2374 343 2419 sit
353 2386 423 2430 usus,
444 2377 473 2420 ut
487 2376 579 2420 lumem
593 2374 697 2433 lougius
709 2376 835 2432 tolerent,
856 2376 952 2424 fasciis

144 2441 260 2486 ventrem
271 2439 433 2486 strictissime
446 2440 634 2500 circumligare.
656 2442 697 2487 Ea
706 2443 803 2488 ventris
814 2455 951 2501 compres-

145 2505 221 2552 sione
231 2504 398 2551 esuritionem
409 2520 483 2564 posse
494 2506 600 2565 depelli,
615 2509 741 2555 creditum
750 2512 798 2554 est.
834 2513 859 2555 5.
877 2510 950 2557 llaec

69 2603 74 2618 r
144 2575 199 2616 tum
209 2570 366 2628 Fauorinus,
381 2573 514 2630 multaque
528 2575 673 2622 istiusmodi
686 2576 751 2630 alia,
769 2576 950 2623 affabilissime

145 2637 256 2682 dicebat.
291 2638 317 2680 6.
334 2638 390 2682 Nos
404 2644 487 2685 autem
504 2643 607 2697 postea,
627 2657 683 2688 cum
697 2643 790 2689 librum
804 2645 871 2689 forte
881 2644 951 2690 Era·

144 2700 244 2749 sistrati
254 2701 398 2760 legeremus
406 2700 566 2770 Asaspa'oeus
574 2710 692 2773 primurn,
703 2710 730 2757 id
739 2710 824 2771 ipsum
833 2709 861 2757 in
871 2722 904 2757 eo
914 2709 949 2757 li-
