2067 3034
298 153 371 199 uls.
391 152 432 198 11.
467 151 549 197 CAP.
567 154 593 197 9.
613 153 644 198 lo
846 152 882 205 49

337 269 526 324 CAPUT
561 271 616 324 lX.

98 335 170 386 Quod
184 335 242 378 itan
250 335 395 380 Plutarchus
406 339 505 384 suida&
513 340 630 384 carmem
638 340 732 384 verdum
741 340 770 383 ab
779 338 880 397 Epicuro

120 392 214 435 &coen
223 391 350 434 insectatus
360 392 399 437 sr't.

101 452 127 497 l.
147 453 181 497 ln
196 452 289 498 eodem
298 452 367 498 libro
378 452 447 501 idem
456 455 612 503 Plutarchus
622 457 732 502 eundem
741 455 883 514 Epicurum

65 518 252 578 reprehendit,
267 518 336 576 quod
349 522 429 567 verbo
442 535 505 568 usus
515 522 551 569 sit
562 537 652 582 purum
663 523 769 582 proprio
780 525 807 568 et
816 523 883 569 clie-

64 600 117 632 nue
127 585 340 644 significationis.
370 591 395 634 2.
405 591 447 636 lto
456 590 527 636 enim
536 590 641 648 scripsit
649 591 791 648 Epicurus:
805 584 884 652 Ὄρος

64 652 114 697 τοῦ
128 652 266 714 μεγέθους
275 653 327 697 τῶν
335 646 445 714 ἡδονῶν,
459 649 476 718 ἡ
486 650 584 709 παντὸς
593 654 641 702 τοῦ
650 651 792 719 ἀλγοῦντος
804 649 883 708 ὑπεξ-

65 717 177 783 αίρεσις.
205 720 280 779 Non,
297 719 394 779 inquit,
408 717 504 775 παντὸς
512 721 560 768 τοῦ
570 716 718 784 ἀλγοῦντος,
729 723 776 769 sed
785 717 883 774 παντὸς

64 785 116 834 τοῦ
131 779 256 847 ἀλγεινοῦ
271 786 358 835 dicere
374 790 500 848 oportuit.
538 792 561 836 3.
577 790 711 837 Detractio
722 790 791 836 euim
800 789 883 849 signi-

65 853 170 900 ficando
179 854 223 900 est
231 854 346 917 doloris,
360 856 458 915 inquit,
471 869 525 904 non
539 857 662 904 dolentis.
697 859 722 903 4.
741 856 825 903 Nimis
833 856 883 902 mi·

66 924 132 969 unte
144 935 177 968 uc
185 934 270 980 prope
280 921 358 969 etium
368 923 669 983 subfrigidePluturchus
678 923 706 969 in
715 923 828 982 Epicuro
839 936 883 969 oc-

65 988 188 1038 ousondo
200 986 280 1041 λέξεις
289 990 380 1052 θηρεῖ.
415 994 440 1037 5.
457 992 511 1036 Has
526 990 595 1041 euim
605 1003 679 1037 curus
689 1004 780 1037 vocum
789 990 883 1035 verbo-

66 1068 180 1114 rumque
190 1055 337 1113 elegantius
346 1071 400 1107 uon
409 1058 486 1105 modo
496 1071 551 1105 non
559 1061 674 1105 sectetur
683 1056 821 1117 Epicurus,
836 1057 882 1102 sed

66 1122 151 1169 etium
160 1122 314 1170 insectetur.

94 1288 159 1339 unia
172 1289 225 1333 sint
231 1287 343 1345 farinae
357 1290 515 1346 Capitolinas,
535 1297 560 1337 et
573 1293 631 1349 quid
643 1305 713 1350 snper
725 1303 751 1335 eo
766 1289 835 1334 verbo
844 1288 880 1332 tt.

128 1345 208 1390 rano
220 1347 301 1391 Servio
312 1345 423 1404 suspicio
433 1347 555 1405 quaerenti
561 1347 714 1404 rescripserit.

100 1425 126 1470 1.
147 1422 258 1469 Servius
270 1423 414 1484 Sulpicius,
429 1424 494 1470 iuris
505 1423 593 1470 civilis
603 1427 707 1481 auctor,
721 1423 837 1470 virbene
847 1422 882 1470 li-

64 1492 182 1550 teratus,
198 1490 305 1549 scripsit
315 1491 348 1537 ed
355 1493 392 1537 M.
400 1492 557 1547 Varronem,
570 1492 733 1550 rogavitque,
747 1490 882 1537 utrescri-

64 1559 154 1615 beret,
175 1557 238 1615 quid
249 1558 407 1617 significaret
416 1561 535 1617 verbum,
554 1559 623 1615 quod
632 1559 661 1604 iu
670 1557 796 1605 censoriis
806 1556 882 1605 libris

66 1625 198 1684 scriptum
208 1626 286 1682 esset.
321 1628 346 1672 2.
365 1625 395 1672 ld
409 1628 466 1673 erut
480 1627 598 1672 verbum:
610 1625 739 1686 sarissas
751 1625 883 1684 Capitoli-
931 1678 934 1685 .

63 1707 125 1740 nac.
163 1692 250 1739 Varro
264 1693 412 1750 rescripsit,
430 1693 459 1739 in
471 1692 594 1738 memoria
608 1693 741 1750 sibime,
760 1691 830 1748 quod
845 1692 877 1745 Q.

65 1759 189 1815 Cutulus,
206 1762 312 1807 curator
320 1760 476 1825 restituendi
486 1759 620 1817 Capitolii,
630 1760 753 1807 dixisset:
772 1758 881 1804 Voluis-

64 1841 93 1875 se
103 1840 133 1874 se
145 1840 236 1872 aream
247 1826 420 1886 Capitolinam
430 1827 581 1886 deprimere,
590 1829 621 1871 nt
629 1828 747 1885 pluribus
757 1824 879 1885 madibus

50 1895 92 1943 ,in
101 1894 198 1941 nedem
213 1894 444 1956 conscenderetur,
458 1896 644 1954 suggestusque
659 1907 706 1952 pro
717 1892 817 1951 fastigii
825 1905 881 1938 me·

63 1960 206 2021 guitudine
217 1960 297 2008 ultior
307 1962 392 2021 tieret,
403 1962 448 2008 sed
458 1963 545 2008 fucere
555 1960 582 2008 id
591 1973 644 2009 noo
654 1961 748 2018 quisse,
759 1959 887 2017 quonism·

58 2029 192 2092 sarissas
206 2028 382 2087 impedissent.
419 2030 442 2074 3.
460 2029 491 2075 ld
505 2041 562 2074 esse
576 2027 657 2073 cellos
672 2027 794 2084 quosdam
807 2028 833 2072 et
843 2026 881 2072 ci·

64 2098 185 2155 sternas,
205 2108 271 2154 quae
281 2095 309 2142 in
319 2109 380 2142 ures
389 2098 436 2142 sub
446 2098 516 2142 terre
526 2097 629 2151 esseut,
648 2094 693 2140 ubi
702 2094 795 2152 reponi
805 2093 881 2140 sole-

63 2166 124 2210 rent
134 2164 216 2221 signu
228 2164 331 2218 vetera,
344 2177 409 2220 quoe
420 2175 455 2209 ex
465 2176 497 2209 eo
507 2161 605 2220 templo
617 2161 734 2219 collapso
742 2163 838 2219 esseut,
853 2163 880 2207 et

64 2230 117 2278 ulis
127 2230 259 2288 quaedum
268 2229 395 2288 religiosa
406 2244 421 2276 e
432 2229 547 2280 donariis
559 2227 730 2275 consecretis:
749 2232 777 2274 nt
785 2228 879 2275 deiude

64 2298 158 2345 eudem
169 2296 284 2356 epistole
293 2300 371 2354 negot
380 2296 490 2354 quidem,
501 2310 530 2342 se
540 2295 569 2343 iu
577 2293 663 2340 literis
673 2295 817 2350 iuvenisse,
831 2308 878 2342 our

58 2365 190 2427 sarissas
207 2364 293 2410 diotue
308 2364 373 2420 sint3
392 2364 438 2410 sed
447 2365 480 2419 Q.
492 2361 624 2408 Valerium
634 2362 761 2408 Soranum
771 2362 879 2409 solitum

65 2431 154 2479 dicere
165 2431 213 2491 eit,
229 2443 294 2488 quos
305 2431 443 2479 thesauros
455 2433 555 2481 Graeco
564 2428 668 2476 nomine
679 2430 878 2489 appellaremus,

65 2499 169 2557 priscos
179 2497 291 2546 Latinos
298 2496 430 2558 flavimus
443 2498 557 2545 dixisse:
576 2496 646 2553 quod
659 2495 687 2542 iu
697 2510 741 2542 eus
751 2509 805 2541 non
813 2495 878 2542 rude

65 2567 322 2625 tormentumque,
342 2566 385 2611 sed
397 2566 457 2611 ssata
466 2565 618 2623 signateque
631 2563 741 2620 pecunie
755 2562 880 2608 condere·

64 2636 115 2681 tur.
152 2635 179 2678 4.
195 2633 349 2680 Coniectare
359 2632 439 2690 igitur
448 2645 485 2687 se,
495 2630 636 2679 detructum
644 2642 701 2675 esse
711 2641 746 2674 ex
755 2640 787 2674 eo
798 2626 877 2670 verbo

63 2701 209 2747 secundnm
218 2699 330 2760 literam,
339 2702 366 2747 et
368 2698 495 2764 sarissas
506 2709 563 2744 esse
574 2695 747 2805 dictssDcellar
757 2690 878 2750 quusdsm

101 2768 125 2814 G
130 2777 148 2814 Ι.
156 2776 194 2813 1.1.
201 2775 212 2812 1
218 2777 236 2812 U
243 2776 268 2814 S·
