2067 3034
266 178 270 184 ,
340 124 412 175 mn
430 124 501 191 xer.
535 126 676 196 coner.
861 122 913 195 rto

355 256 544 310 CAPUT
577 256 670 309 xlll.

130 341 223 387 'intra
237 340 384 386 Kalendae
399 355 449 385 eum
464 341 564 391 dicitur,
579 338 765 399 quddrigm'ficen
775 347 851 384 etnim
865 356 911 383 an·

166 406 191 442 te
205 398 368 450 Kalendae,
384 411 416 440 an
429 397 586 447 Kalendis,
601 412 633 439 nn
641 404 774 453 utrunque:
795 404 862 453 aeque
875 398 912 441 in·

163 453 205 505 ili,
221 454 277 511 quid
288 454 320 497 rit
335 452 474 497 irroratione
482 453 517 495 ll.
531 452 604 496 Tullii
618 454 703 497 intro
722 451 871 505 Oceanum,
891 460 916 497 et

164 509 250 553 intra
263 515 385 553 montem
402 508 537 561 Taurum,
561 515 586 553 et
602 508 628 552 in
641 511 743 569 quadarn
756 509 855 566 epdtolu
872 509 915 551 in·

167 572 215 609 tra
227 568 347 609 moduni.

144 644 169 690 1.
188 643 251 688 ilum
262 642 359 688 Romae
372 654 389 689 e
402 641 552 689 consulibus
565 641 647 690 iudex
655 644 732 690 extre
741 641 857 689 ordinem
867 641 913 689 dn·

107 714 152 758 tur
161 709 332 768 pronuntiare
342 709 411 755 intre
420 691 553 757 Kalendis
562 709 649 756 iurrur
659 723 753 768 errem,
768 709 913 769 Sulpicium

108 776 293 836 Apollinarem
307 776 411 822 doctum
425 776 557 823 hominem
566 779 732 836 percontatus
742 790 811 832 rum,
829 778 914 830 unhir

107 844 210 892 verbio:
228 845 304 890 intra
317 843 465 901 Kalendae,
483 844 555 902 iprae
575 857 674 901 quoque
688 844 821 891 Kalendae
841 849 914 892 tene·

108 915 213 962 rentur:
231 910 339 970 dirique
350 910 388 968 ei,
400 923 441 957 rue
451 910 578 957 videlieet
587 912 673 957 dotum
683 911 803 972 iudicem,
815 912 915 960 Kolen-

110 977 281 1038 dorque'ruihi
290 977 430 1038 prodictu,
445 980 475 1023 ut
484 977 555 1024 intro
564 990 623 1024 euru
632 978 700 1024 diem
709 979 913 1037 pronuntiarem.

104 1051 137 1097 π.
156 1049 221 1102 cur,
237 1045 335 1105 inquit,
347 1044 398 1091 hoe
406 1057 446 1090 me
456 1044 544 1104 potine
553 1058 642 1105 rogor,
660 1058 735 1104 quom
745 1058 781 1093 ex
793 1046 853 1093 irtio
862 1048 915 1095 oli-

108 1128 187 1173 quem
196 1113 287 1172 peritir
297 1111 473 1168 studiosisque
484 1112 564 1170 iunii,
579 1125 643 1170 quor
657 1111 779 1158 adhibere
789 1114 816 1158 iu
827 1115 914 1161 conri-

108 1182 176 1230 llom
190 1179 330 1227 iudicaturi
346 1179 455 1226 eoletiee
490 1181 515 1225 3.
534 1180 599 1226 Tum
615 1178 657 1225 illi
668 1179 706 1224 ita
716 1192 764 1239 ego
777 1183 914 1240 respondi:

110 1249 141 1297 si
151 1250 196 1295 out
205 1248 236 1294 de
246 1250 343 1304 vetere,
357 1247 467 1307 inquom,
484 1245 550 1304 iure,
566 1249 611 1292 eut
621 1248 739 1307 recepto,
753 1251 797 1293 eut
808 1251 914 1296 contro-

110 1328 189 1364 verro
199 1316 226 1362 et
236 1313 368 1374 ambiguo,
387 1314 431 1358 out
439 1326 509 1359 novo
520 1315 546 1359 et
557 1314 699 1360 constituto
712 1313 859 1362 discendum
870 1330 915 1364 er-

114 1386 164 1443 ret,
178 1383 257 1429 ierem
266 1382 342 1440 plene
353 1379 511 1426 reiecitetum
521 1380 554 1425 od
564 1380 639 1442 istor,
650 1394 714 1439 quor
726 1380 802 1427 dicis:
829 1386 853 1428 l.
868 1385 914 1430 red

112 1464 170 1499 eum
178 1452 316 1496 verborum
325 1447 478 1493 Latinorum
489 1448 631 1506 rententio,
650 1462 722 1509 ueur,
738 1448 807 1495 ratio
818 1452 913 1510 explo-

110 1518 193 1567 rando
203 1517 250 1577 rit,
270 1527 378 1561 renerus
392 1516 511 1573 prolecto
525 1515 550 1559 et
564 1528 656 1562 coecus
670 1514 750 1561 enimi
766 1517 862 1574 forem,
881 1519 913 1569 ri.

111 1598 171 1632 curu
179 1584 299 1631 haberem
308 1581 347 1627 tui
357 1582 471 1643 copiam,
486 1581 564 1628 ierem
572 1582 654 1642 magle
665 1584 697 1630 od
707 1583 786 1629 elium
797 1599 871 1642 quem
881 1585 914 1632 nd

110 1658 148 1700 te.
183 1656 209 1699 5.
227 1650 296 1696 Audi
305 1648 394 1708 igitur,
405 1648 497 1712 inquit,
511 1650 542 1695 de
552 1650 656 1697 ratione
665 1649 738 1697 verbi
748 1651 810 1708 quid
819 1652 915 1698 existi-

109 1734 190 1779 mern,
209 1718 255 1764 red
268 1730 300 1763 eu
310 1719 396 1762 temen
405 1719 490 1778 pecto,
501 1719 531 1763 ut
540 1717 566 1761 id
577 1717 669 1774 lacior,
681 1731 733 1763 non
744 1720 812 1776 quod
822 1733 870 1778 ego
882 1720 913 1766 de

110 1786 271 1847 proprietate
281 1783 353 1830 rocio
364 1783 525 1846 disseruero,
540 1785 585 1830 red
598 1785 666 1843 quod
681 1785 708 1830 in
720 1798 751 1831 eo
760 1799 789 1831 re
799 1786 914 1832 omnium

109 1855 258 1914 pluriumve
274 1863 403 1898 eonrenru
419 1851 552 1898 observari
566 1852 729 1910 coguoverir.
765 1853 826 1898 Non
845 1852 915 1899 euim

110 1924 251 1969 verborum
264 1920 362 1965 tuntum
377 1918 549 1966 communium
562 1932 639 1966 verae
656 1922 731 1977 etque
745 1919 865 1978 propriae
877 1919 913 1967 ri·

110 1988 289 2049 gniiootioner
299 1985 418 2044 longiore
429 2000 479 2032 uru
488 1988 634 2044 mutantur3
654 1987 700 2033 red
716 1985 801 2045 legum
813 2001 913 2046 quoque

110 2058 226 2115 ipsorum
236 2055 307 2100 iuren
317 2066 443 2100 conrenru
454 2054 537 2105 tacito
546 2053 728 2100 obliterantur.
757 2056 781 2099 6.
792 2051 856 2100 'lum
868 2055 913 2100 de-

110 2124 172 2171 iude
183 2120 313 2181 disseruit,
324 2134 363 2167 rne
374 2123 401 2166 et
410 2121 541 2179 plerisque
552 2120 613 2166 eliis
623 2119 797 2181 audientium,
808 2121 837 2168 ln
845 2122 913 2169 huuc

112 2193 194 2240 ferme
205 2189 321 2236 modum:
342 2188 405 2234 Cum
419 2188 488 2247 dier,
507 2187 605 2247 inquit,
624 2186 661 2234 ite
672 2187 865 2249 praefinitoeet,
884 2193 913 2236 ut

110 2258 191 2306 iudex
206 2260 281 2303 intra
294 2255 431 2303 Kalendae
444 2253 607 2313 pronuntiet,
629 2253 765 2314 occuparit
779 2254 830 2303 iem
847 2257 914 2303 liner

109 2337 203 2374 ornnes
211 2323 311 2383 opinio,
326 2335 380 2369 non
388 2336 445 2369 erre
456 2322 567 2380 dubium,
582 2320 645 2380 quin
655 2328 716 2368 ante
725 2323 861 2371 Kalendae
871 2325 913 2370 iu-

109 2407 140 2441 re
158 2391 353 2451 pronuntietur:
374 2391 400 2437 et
417 2390 445 2436 id
464 2389 563 2434 tuntum
584 2387 787 2448 rubiginem,
805 2392 873 2449 quod
884 2394 913 2437 tu

110 2460 223 2520 quoeris,
231 2472 265 2504 en
271 2457 398 2504 Kalendis
408 2470 510 2514 quoque
520 2456 578 2501 iure
590 2456 781 2515 pronuntietur.
797 2462 821 2505 l.
828 2462 914 2517 lpruru

110 2533 196 2575 eutem
205 2528 312 2573 verbum
326 2524 364 2571 eie
373 2524 465 2583 procul
475 2523 553 2569 dubio
565 2527 654 2569 netum
665 2527 704 2570 eet
716 2528 792 2583 utque
804 2526 841 2573 lto
855 2538 913 2571 rere

109 2595 187 2643 dubet
193 2626 202 2650 ,
219 2595 263 2648 ut,
283 2605 339 2640 oum
349 2593 443 2640 dieitur
452 2593 527 2638 intra
535 2591 682 2652 Kalendae,
693 2607 746 2640 non
755 2593 824 2640 oliuo
832 2590 914 2649 eeoipi

111 2662 170 2711 dier
178 2662 269 2711 debent
274 2691 285 2720 ,
303 2674 377 2721 quom
391 2660 464 2709 roloe
474 2657 615 2711 Kalendae.
650 2662 715 2707 Nom
723 2665 775 2709 trer
790 2660 857 2708 irtee
867 2671 914 2704 ro·
