2067 3034
17 2269 25 2294 l

324 181 396 230 ΜΒ.
415 182 482 229 vll.
517 180 598 227 CAP.
618 181 659 230 lo.
845 177 898 230 182

341 360 528 417 CAPUT
563 361 650 417 XVI

119 469 196 514 Locro
210 465 336 523 suscriptio
349 472 458 533 csatpra
468 465 502 508 M.
521 463 639 517 Varronis,
656 473 899 532 praemorimur„
858 490 899 516 10.

149 525 266 580 imcrs'ptu
275 530 314 574 est,
331 527 357 567 111
363 522 491 588 peregrinis
501 522 603 565 1111111111
611 521 740 577 generibus.-
760 528 784 566 ct
796 523 901 591 appositi

149 579 357 633 uersusEarspsms
371 578 900 635 111111111111111111111111111111111111111111111

147 639 229 694 gulam
239 635 378 693 confutavit.

129 734 152 779 l.
169 733 206 778 Μ.
217 730 323 777 Varro
316 744 343 776 sn
354 731 460 789 Satyra,
479 743 554 787 quam
563 725 631 793 Περὶ
645 725 811 792 idropicus
804 729 900 778 inscri-

91 799 159 860 psit,
178 798 266 857 lepide
281 797 416 844 admodum
430 800 456 843 et
471 798 536 843 scite
547 797 623 842 tactis
633 798 750 844 versibus
761 812 900 845 coenarum

93 868 260 923 ciborumque
274 865 419 922 exquisitas
432 864 542 911 delicias
553 864 754 921 comprehendit.
791 868 814 911 2.
834 866 899 912 Nam

92 936 219 995 pleraque
229 932 256 978 id
267 945 356 990 genus,
367 945 432 989 quae
443 931 580 978 helluones
591 931 636 977 isti
646 934 716 978 terra
726 934 751 977 et
760 932 825 978 mari
836 945 899 978 con-

94 1003 209 1060 quirunt,
216 1000 347 1060 exposuit,
353 999 508 1058 inclusitque
520 998 547 1044 in
556 1011 678 1044 numeros
689 999 815 1045 senarios.
834 999 899 1046 alls

93 1070 167 1129 ipsos
177 1067 279 1126 quidem
290 1080 389 1126 versus,
409 1066 451 1112 cui
461 1066 544 1112 otium
555 1066 618 1121 erit,
638 1065 664 1110 iu
675 1066 750 1116 libro.
771 1079 820 1123 quo
832 1065 898 1126 dixi,

94 1136 197 1196 positos
207 1135 285 1193 legat.
319 1135 344 1179 4.
364 1136 465 1181 Genera
478 1131 564 1179 autem
579 1132 733 1190 nominaque
748 1133 864 1180 edulium
874 1133 901 1179 ci

96 1202 229 1249 domicilia
242 1202 357 1248 ciborum
372 1201 489 1247 omnibus
505 1201 564 1246 aliis
574 1199 745 1260 praestantia,
763 1213 827 1258 quae
839 1213 900 1258 pro-

80 1292 82 1297 *
94 1271 175 1317 funda
184 1269 315 1327 ingluvies
326 1268 472 1326 uestigauit,
483 1281 547 1325 quae
556 1269 639 1313 Varro
651 1269 811 1325 opprobrans
821 1279 901 1312 exse·

97 1342 171 1385 cutus
182 1342 229 1397 est,
238 1337 302 1382 haec
311 1339 370 1382 suut
382 1337 470 1391 terme,
481 1336 603 1393 quantum
612 1334 687 1381 nobis
698 1333 837 1380 memoriae
848 1336 899 1379 est:

97 1409 121 1451 1.
133 1405 216 1449 Pauus
227 1419 241 1450 e
251 1404 337 1464 Samo,
347 1402 459 1462 Phrygia
469 1404 602 1461 attagena,
614 1414 690 1460 grues
700 1401 821 1457 ltlelicae,
835 1400 900 1446 hoe-

96 1472 143 1518 dus
154 1485 186 1517 ex
197 1470 341 1531 Ambracia,
351 1469 461 1528 pelamis
472 1468 652 1528 chalcedonia,
660 1481 784 1514 muraena
794 1468 900 1514 Tartes-

94 1539 145 1599 sia,
167 1538 244 1585 aselli
258 1537 431 1596 Pessinuntii,
451 1538 539 1582 ostrea
557 1535 710 1593 Tarentina,
729 1535 899 1595 pectunculus

94 1606 184 1663 chius,
198 1606 271 1663 elops
281 1603 406 1660 Rhodius,
422 1602 490 1650 scari
500 1603 606 1663 Cilices,
620 1616 699 1649 nuces
710 1602 829 1661 Thasiae,
842 1594 906 1661 pal·=

94 1687 138 1721 ma
148 1672 286 1732 Aegyptia,
296 1672 372 1730 glans
382 1671 491 1718 iberica.
527 1672 552 1716 6.
570 1672 643 1716 Hauc
658 1671 743 1716 autem
758 1682 902 1728 peragran-

96 1741 131 1787 tis
142 1740 219 1799 gulae
229 1740 256 1786 et
266 1738 293 1784 in
304 1751 394 1785 succos
403 1739 520 1784 insuetos
529 1735 682 1795 inquirentis
692 1736 901 1795 industriam,at·

95 1822 146 1868 que
163 1808 209 1853 lsas
223 1806 441 1864 undiqueversum
460 1806 596 1863 indagines
616 1804 781 1863 cupediarum
800 1802 901 1850 maiore

95 1873 272 1921 detestatione
288 1873 378 1931 dignas
391 1873 562 1927 censebimus,
582 1870 605 1917 si
614 1884 704 1917 versus
714 1868 849 1929 Euripidis
858 1884 901 1916 re·

95 1943 240 1998 cordemur‚
255 1941 346 1998 quibus
356 1941 477 1986 utebatur
487 1938 637 1997 saepissime
649 1937 805 1996 Chrysippus
815 1936 908 1996 philo-⁴

94 2010 208 2069 sophus,
227 2010 347 2065 tauquam
361 2006 451 2052 edendi
470 2005 632 2053 irritationes
648 2005 771 2061 quasdam
786 2007 901 2063 repertas

96 2091 168 2135 esse,
186 2090 239 2123 non
253 2088 299 2134 per
313 2087 387 2120 usum
401 2073 470 2120 vitae
484 2072 672 2131 necessarium,
693 2071 738 2118 sed
752 2084 799 2130 per
808 2072 902 2118 luxum

96 2145 177 2192 animi
169 2144 277 2202 parata
288 2145 364 2199 atquc
374 2140 465 2188 facilia
476 2138 645 2197 fastidientis,
652 2153 698 2196 per
708 2137 849 2196 improbam
858 2151 900 2184 sa-

95 2211 197 2259 tietatis
220 2208 363 2257 lasciviam.
400 2209 426 2257 1.
447 2208 546 2254 Versus
565 2205 699 2266 Euripidis
717 2197 911 2254 adscribendos*

95 2278 204 2340 putari.

126 2374 201 2432 ’.Επεὶ
209 2374 238 2425 τί
246 2372 285 2425 δεῖ
289 2378 418 2459 βροτοῖσι
424 2368 489 2438 πλὴν
499 2370 613 2423 duciv‘
576 2389 668 2451 μονον,
697 2421 699 2426 ,

126 2438 298 2525 Δήμητρος
283 2459 370 2506 (carpe,
379 2438 511 2525 scripuras
515 2437 548 2489 θ’
540 2436 709 2524 delmino,-

126 2506 213 2561 Ἅτινα
210 2505 330 2594 πάρεστι
340 2510 383 2559 sul
391 2504 483 2575 πέφυχ’
491 2504 566 2588 ημᾶς
576 2510 689 2589 opipera·

129 2573 219 2628 'ltu’
190 2595 235 2628 ουκ
246 2574 356 2645 1111111111
344 2570 510 2658 πλησμονὴ,
521 2591 605 2655 cpvpp
593 2574 650 2624 δέ
647 2591 700 2625 111

127 2641 222 2698 1411111
232 2644 341 2697 ἐδεστῶν
348 2639 465 2712 pingatis
476 2638 640 2716 θηρώμεθα.
