2067 3034
139 177 192 239 tur
393 189 500 236 sunl
521 179 694 236 cnam

140 306 301 367 magnificum
316 304 345 353 in
360 305 440 354 Ulixe
454 307 481 354 et
493 307 558 353 uber
567 308 621 365 est,
641 305 737 353 subtile
748 305 774 353 in
783 305 906 353 Menelao
918 305 945 353 et

140 376 289 434 cohibitum,
300 375 409 420 mixtum
419 375 629 431 moderatumque
640 374 667 419 in
679 376 798 420 Nestore.
822 377 847 419 8.
864 374 947 419 inim-

140 443 250 489 adrcrsa
265 442 355 488 eadem
369 441 501 499 tripartita
514 442 628 487 varietas
644 444 683 487 est
699 440 726 486 in
736 440 820 488 tribus
830 441 947 499 philoso-

141 509 208 569 phis,
221 522 285 565 quos
297 507 469 554 Athenienses
479 509 585 554 Romam
599 514 632 555 ad
647 511 765 555 senatum
774 509 948 566 populumque

141 579 287 623 Romanum
297 575 458 633 legaverant,
470 574 689 633 impetratum,uti
698 575 821 621 mulctam
829 574 947 621 remitte-

141 645 215 698 rent,
231 654 306 701 quam
322 643 438 688 fecerant
452 641 485 688 iis
495 646 603 701 propter
613 642 694 701 Oropi
709 641 891 689 vastationem.
909 641 949 688 Es
1026 667 1027 680 κ

141 711 240 757 mulcta
252 711 337 755 iuerat
347 708 474 755 talentum
486 711 541 757 lere
552 710 728 767 quingentum.
764 712 788 754 9.
805 708 889 755 Erant
904 707 951 754 isli

142 776 308 836 philosophi,
323 776 469 822 Carneades
480 790 515 823 ex
526 776 677 831 Academia,
692 776 823 835 Diogenes
834 775 950 838 Stoicus,

144 843 276 890 critolaus
291 842 489 901 Peripateticus.
524 844 561 889 Et
574 843 601 889 in
615 845 734 891 senatum
749 842 851 900 quidem
865 842 950 888 intro-

144 910 225 968 ducti,
246 911 388 968 interprete
401 910 444 956 usi
458 912 519 957 sunt
532 912 560 956 C.
576 910 664 957 Acilio
680 913 814 956 senatore:
834 909 879 955 sed
889 912 950 955 ante

143 976 195 1037 ipsi
206 990 323 1024 seorsum
333 991 434 1035 quoque
446 978 566 1039 quisque,
584 977 731 1023 ostentandi
741 977 838 1036 gratia,
854 989 949 1034 magno

144 1047 274 1091 conventu
294 1044 423 1090 hominum
444 1044 655 1090 dissertaverunt.
696 1046 735 1089 lo.
754 1045 818 1089 Tum
838 1043 951 1089 admira-

144 1111 211 1159 tioni
230 1112 311 1158 luisse
330 1111 403 1157 alunt
421 1112 537 1157 Rutilius
555 1114 581 1157 et
595 1111 719 1170 Polybius
738 1111 952 1169 philosophorum

143 1180 221 1226 trium
232 1178 273 1224 sui
283 1178 406 1235 cuiusque
417 1178 522 1236 generis
533 1177 687 1225 facundiam.
721 1178 854 1235 Violenta,
865 1177 952 1234 inqui·

143 1250 200 1304 unt,
218 1251 244 1291 et
257 1244 345 1302 rapida
356 1246 502 1292 Carneades
514 1245 628 1303 dicebat,
644 1246 709 1292 scita
722 1248 749 1291 et
758 1245 853 1291 teretia
864 1244 950 1290 Crito·

142 1315 217 1366 laus,
233 1311 350 1358 modesta
359 1312 492 1369 Diogenes
502 1315 529 1358 et
538 1313 634 1359 sobria.
672 1315 711 1359 ll.
728 1311 951 1369 Uunumquodque

144 1383 229 1427 autem
240 1391 333 1436 genus,
352 1381 381 1424 ut
391 1379 517 1439 diximus,
532 1393 590 1426 eum
600 1383 670 1427 caste
679 1379 822 1439 pudiceque
833 1380 952 1436 ornatur,

143 1447 171 1492 ut
183 1446 326 1492 illustrius:
347 1460 404 1492 cum
414 1448 525 1516 tucatur,
536 1450 613 1506 atque
623 1447 789 1509 predicitur,
802 1448 830 1494 lit
838 1446 951 1505 praesti·
1030 1516 1032 1520 y

143 1514 252 1571 piorum.

401 1677 589 1730 CAPUT
625 1678 690 1733 XV.

89 1827 99 1833 ,
173 1779 245 1829 eram
261 1780 448 1823 weremundus
462 1791 577 1824 marorum
592 1775 689 1828 a'afioes
707 1780 852 1824 vindicum
869 1780 908 1832 sit,
928 1779 953 1828 et

199 1836 257 1894 quid
263 1834 382 1891 carpserit
390 1834 480 1878 Mucius
490 1833 605 1879 Scaevola
613 1851 680 1893 saper
689 1850 727 1889 eo,
747 1840 809 1895 quod
814 1841 953 1881 mammen

200 1895 281 1935 dotum
291 1893 486 1935 cornmodutumve
495 1897 559 1934 esset.

180 1989 204 2047 l.
221 1986 308 2032 lsabeo
319 1984 347 2030 in
357 1984 425 2031 libro
439 1985 478 2031 De
488 1985 623 2032 duodecim
633 1986 729 2034 tabulis
740 1987 863 2042 secundo,
879 1985 953 2033 aeris

143 2055 170 2099 et
180 2066 271 2099 severa
285 2052 385 2098 iudicia
400 2051 432 2098 de
443 2051 520 2098 furtis
530 2052 617 2099 habita
626 2066 683 2100 esse
692 2055 760 2112 apud
772 2058 873 2101 veteres
884 2054 951 2101 scri·

143 2120 208 2178 psit:
228 2118 304 2177 idque
314 2120 419 2165 Brutum
429 2118 535 2165 solitum
544 2121 640 2177 dicere,
652 2122 716 2167 furti
727 2122 872 2167 damnatum
883 2133 951 2176 esse,

142 2189 188 2242 qul
197 2187 341 2233 iumentum
351 2186 478 2233 aliorsum
488 2186 608 2247 duxerat,
626 2201 761 2244 quamquo
772 2188 894 2234 utendum
906 2202 954 2235 ac-·

143 2254 260 2311 ceperam
280 2253 342 2299 item
352 2252 396 2310 qui
406 2252 512 2311 longius
522 2255 690 2311 produxerat,
701 2269 776 2312 quam
786 2269 860 2313 quem
868 2254 897 2301 in
907 2255 957 2301 lo·-

143 2319 329 2376 competierat.
364 2323 388 2365 2.
407 2322 497 2377 ltaque
507 2322 539 2374 Q.
550 2322 677 2368 Scaevola
691 2323 719 2368 in
729 2323 866 2380 librorum,
883 2335 953 2379 quos

142 2385 182 2432 lle
197 2385 254 2431 iure
270 2385 344 2431 civili
357 2386 516 2445 composuit,
536 2392 613 2434 sexto
630 2388 729 2435 decimo
740 2391 817 2436 verba
827 2390 891 2435 haec
900 2402 953 2447 po·

142 2451 208 2497 suit:
226 2452 303 2509 Quod
310 2454 354 2499 cas·
361 2454 516 2500 servandum
527 2454 675 2510 datumst,
686 2458 711 2504 ss·
717 2458 747 2502 id
755 2470 816 2504 usur
827 2462 875 2516 ess,
885 2462 952 2515 aive,

142 2518 212 2577 qaod
219 2518 339 2564 utendum
353 2525 496 2580 acceperit,
516 2522 554 2568 ed
565 2523 647 2569 aliam
662 2536 725 2585 rem,
744 2530 823 2589 utque
833 2526 952 2590 accepit,

143 2596 204 2632 usus
214 2590 261 2644 cst,
264 2585 342 2647 furta·
349 2600 376 2636 se
386 2588 522 2650 obligavit.
