2067 3034
275 137 344 185 ΜΒ.
362 136 440 183 XIV.
476 135 566 186 CAP,
586 138 608 183 1.
794 133 844 190 315

39 270 103 304 num
112 255 280 320 appellasset,
294 252 363 312 quod
373 267 455 311 neque
465 265 561 300 nouum
571 253 651 315 estet,
665 256 844 313 aequaretur,

39 330 66 372 ct
76 325 228 385 piarumque
237 320 355 366 homines
366 320 403 365 ita
412 320 560 378 loquantur,
575 322 604 366 ut
614 334 690 366 omne
701 322 789 372 vinum
800 327 845 372 ant

38 406 137 439 novum
144 404 201 438 esse
213 389 309 443 dicant,
326 390 370 433 aut
380 390 468 439 vetus:
487 387 587 433 nullam
597 388 649 433 vim
659 388 753 434 habere
764 389 845 447 signi-

40 459 131 506 ficavit
145 471 229 516 neque
244 455 320 514 novi,
341 468 424 511 neque
435 453 544 512 veteris,
565 455 634 511 quod
643 455 754 504 medium
764 459 846 513 easct;

42 526 141 575 idcirco
151 538 197 585 pro
208 523 270 570 vino
280 536 332 567 non
342 521 496 577 habendum,
507 520 567 578 quia
577 535 658 579 neque
668 522 845 581 refrigeraret,

41 606 125 651 neque
144 592 310 639 calefaceret.
344 587 520 653 Refrigerase
533 587 562 638 id
576 588 651 649 dicit,
670 590 738 646 quod
749 591 846 637 Graeca

42 660 140 707 dicitur
150 651 285 721 ἅναψὺξαο.
300 682 304 687 -

286 864 601 898 κ*-

41 1074 224 1142 LIBER
252 1075 536 1154 QUARTUS
566 1074 844 1144 DECIMUS.

321 1232 510 1285 CAPUT
546 1232 568 1284 L

70 1330 209 1378 Dissertatio
219 1330 475 1391 Fauorinipdilosopii
482 1336 587 1377 sdversm
596 1345 645 1384 eos,
656 1331 696 1389 qui
704 1329 739 1375 Gi
746 1303 849 1378 oldoee'

92 1389 260 1499 wellentone,
280 1395 304 1433 st
312 1404 341 1434 se
355 1396 421 1433 coetu
434 1390 573 1446 motibusque
586 1387 684 1433 sidenem
697 1389 847 1436 castellarum
890 1421 893 1426 .

130 1449 156 1488 to
165 1457 188 1488 ss
196 1444 313 1492 hominum
322 1445 422 1490 dicusros
427 1446 577 1502 pollicentem.

39 1498 204 1585 Adversum
217 1538 291 1599 istos,
310 1539 355 1598 qui
368 1539 427 1588 sese
441 1539 585 1587 chaidocus
605 1550 651 1585 seu
670 1536 846 1596 genethliacos

41 1605 186 1668 appellant,
193 1618 224 1652 ac
235 1607 266 1654 de
275 1610 347 1654 motu
358 1606 439 1666 deque
448 1606 537 1666 positu
547 1606 680 1653 stellarum
691 1605 775 1652 dicere
785 1618 847 1662 pos·

40 1685 79 1733 ae,
89 1685 156 1731 quae
167 1674 255 1722 futura
264 1676 499 1733 contaminentur,
506 1673 650 1723 audivimus
660 1673 788 1730 quondam
793 1672 845 1718 Fa.

39 1739 164 1790 vorinum
178 1739 359 1800 philosophum
368 1742 464 1790 Romae
478 1743 575 1790 Graece
590 1739 757 1788 disserentem
769 1751 845 1797 egre-

38 1806 86 1866 gia
97 1807 173 1868 atque
183 1807 283 1858 illustri
299 1808 433 1867 oratioue3
470 1811 496 1856 2.
513 1807 689 1856 exercendiue
703 1808 748 1854 aut
758 1809 846 1853 osteu-

39 1874 117 1922 tandi
129 1874 215 1936 gratia
229 1873 342 1933 ingenii,
362 1890 395 1924 an
410 1875 478 1933 quod
492 1875 529 1924 ita
539 1874 609 1922 serio
620 1873 786 1929 iudicatoque
797 1884 845 1919 ex·

37 1942 180 1999 istimarct‚
196 1955 250 1994 non
260 1943 342 1992 habeo
353 1943 448 1990 dicere.
484 1941 575 1999 capita
584 1943 668 1991 autem
677 1940 792 1989 locorum
802 1950 845 1984 ur·

40 2011 283 2068 gumentarumque,
299 2009 390 2067 quihus
400 2023 462 2056 usus
473 2010 522 2069 est,
537 2007 622 2066 quoad
631 2008 687 2054 eius
697 2005 846 2054 meminisse

37 2075 128 2137 potui,
144 2089 263 2134 egressus
278 2077 316 2123 ihi
329 2091 365 2126 ex
378 2077 512 2124 auditione
522 2088 633 2134 propere
643 2072 780 2129 annotari3
800 2085 845 2117 eo·
890 2113 891 2116 ,

37 2157 90 2203 que
111 2144 217 2189 fuerunt
236 2143 269 2190 ad
287 2144 353 2192 hanc
372 2145 452 2191 ferme
471 2142 645 2192 sententiam:
672 2139 846 2197 Disciplinam

37 2213 117 2258 istam
129 2210 319 2257 Chaldaeorum
331 2213 419 2261 tentae
433 2212 571 2256 vetustatis
581 2222 634 2258 non
643 2220 713 2266 essa,
734 2207 845 2265 quantoe

37 2277 127 2328 videri
146 2278 254 2334 volunt;
280 2291 363 2334 neque
382 2290 427 2324 eos
446 2277 576 2337 principes
597 2276 653 2326 eius
674 2276 845 2329 auctoresque

39 2358 113 2404 esse,
127 2357 192 2402 quos
205 2344 257 2403 ipsi
271 2346 367 2391 ferant:
387 2344 433 2391 aad
447 2345 474 2390 id
484 2343 684 2402 praestigiarum
694 2343 769 2399 atque
779 2339 846 2387 otiu-

38 2413 141 2460 ciarum
150 2424 231 2469 geuus
241 2413 397 2462 commentos
408 2424 465 2458 esse
479 2412 597 2460 honines
608 2411 800 2461 aeruscatores,
818 2408 846 2454 et

39 2480 128 2528 cibum
143 2481 326 2537 quaestumque
340 2492 374 2527 ex
388 2477 532 2530 mendaciis
542 2477 681 2540 captantes.
718 2478 742 2522 3.
760 2477 846 2533 atque

39 2559 104 2603 eos,
123 2545 245 2603 quoniam
257 2546 375 2593 viderant
388 2551 492 2596 terrena
509 2546 633 2605 quaedam
645 2545 715 2591 inter
727 2542 846 2592 homines

6 2653 7 2656 ,
38 2613 94 2660 sita
104 2611 258 2659 coelestium
267 2628 354 2681 rerum
367 2628 445 2661 sensu
456 2615 532 2671 atque
546 2613 623 2661 ductu
637 2611 750 2669 moveri;
769 2608 845 2668 quale

37 2683 89 2741 est,
106 2680 176 2744 quod
186 2693 307 2745 oceanus,
323 2683 397 2741 quasi
406 2682 483 2734 lunae
494 2694 595 2742 comes,
609 2695 666 2729 cum
675 2693 706 2728 ea
715 2678 791 2727 simol
803 2688 846 2724 se·
