2067 3034
322 172 403 221 uss.
425 171 490 222 xv.
524 172 611 236 css.
629 176 654 221 s.
842 168 894 222 sss

87 301 182 338 raram
187 291 275 337 ocioso
283 295 362 351 cique
370 290 548 351 altitium‚ssiri
554 296 657 338 tantam
667 295 865 350 opponatur‚at
875 307 894 338 a

86 358 226 406 cluniculis
234 358 447 419 inferioriporte
455 355 632 418 colorificat,
647 360 788 409 conuicium
795 363 895 417 patant

86 427 179 484 inopia
194 426 315 472 sordere:
335 427 495 485 superiorem
505 431 612 485 portem
629 428 715 472 coium
729 431 810 485 atque
829 425 893 471 alst-

89 492 153 538 aaa
162 508 206 553 qus
202 493 302 549 edant,
313 505 356 538 eos
362 493 487 556 palatum
496 506 548 538 noo
557 492 669 539 habere:
687 507 712 540 ss
709 494 892 576 'proportione

87 558 201 606 luxorio
208 562 297 620 pergit
305 574 430 619 crescere,
441 561 505 626 quid
510 561 675 621 relinquntur,
681 562 731 607 mss
728 562 771 606 at
780 559 895 606 delibari

87 627 142 673 cibi
155 641 250 674 coenos
264 629 383 682 iubeant,
400 641 432 673 ne
446 619 541 673 edeodo
555 623 755 690 defatigantur?
789 626 891 688 quando

87 698 192 741 stratus
201 709 282 752 auro,
299 700 417 755 argento,
428 708 563 754 purpura,
577 697 691 754 amplior
700 694 892 757 aliquotlsomi-

86 761 171 825 ssibus,
181 775 257 823 qoam
267 763 316 811 diis
325 763 528 825 immortalibus,
538 763 713 812 adornantur.

352 894 538 949 CAPUT
573 895 627 949 IX

115 968 181 1020 Quod
195 968 305 1016 Caecilius
318 975 395 1039 pot'to
403 971 540 1029 frontem
553 986 634 1040 genera
651 970 715 1016 virio·
731 984 780 1015 noos
788 970 888 1029 poitioa

142 1030 181 1070 sed
188 1040 239 1070 cnon
245 1027 385 1083 probatione
393 1035 418 1073 et
428 1042 478 1072 cum
488 1029 603 1084 analogia
612 1027 750 1086 appellavit

120 1104 144 1149 1.
161 1103 229 1150 Vere
240 1117 271 1150 ac
280 1105 375 1151 diserte
386 1105 517 1153 Caecilius
526 1105 613 1152 hocin
623 1104 760 1153 Subditivo
771 1104 890 1164 scripsit.

117 1168 217 1216 Nom'
195 1186 214 1217 ss
224 1174 305 1218 saot'
293 1174 391 1220 ariorici
394 1173 801 1235 pessumi‚frootehilaro,eorrie
809 1174 890 1231 tristi,

119 1238 191 1295 Quos
200 1252 280 1299 aeque
290 1246 321 1286 ct
329 1243 483 1302 oppressius
491 1255 573 1302 nepae
583 1243 720 1302 atmittas,
732 1242 809 1287 sciar.

84 1306 111 1351 2.
128 1305 182 1351 Hos
198 1318 246 1364 ego
261 1319 367 1366 versus,
387 1323 444 1355 cum
459 1309 489 1355 tle
505 1308 615 1366 quoium
624 1307 773 1355 istiusmodi
784 1305 889 1353 homino

83 1383 218 1418 semones
234 1377 335 1429 essent,
354 1374 381 1420 in
398 1375 496 1421 circulo
512 1378 580 1422 torte
594 1375 717 1422 iuvenum
731 1374 891 1421 eruditorum

85 1438 151 1486 oiri.
186 1442 210 1486 3.
234 1441 300 1487 Tum
315 1442 346 1488 de
361 1442 586 1500 grammaticorum
601 1443 681 1501 vulgo
696 1441 824 1500 quispiam
841 1454 890 1487 no·

83 1507 185 1553 hiscum
192 1505 229 1553 ibi
239 1509 373 1570 assistens,
383 1523 436 1555 uon
447 1523 509 1556 sane
520 1509 658 1567 ignobilis:
675 1511 786 1569 Quanta,
796 1508 889 1566 inquit,

82 1573 193 1621 licentia
202 1575 361 1634 audaciaque
373 1576 503 1623 Caecilius
513 1576 557 1624 hic
567 1576 626 1637 fuit,
637 1577 792 1638 cumfronte
801 1575 889 1623 hilaro

82 1642 236 1703 noufronte
246 1642 340 1690 littora
351 1642 426 1702 dixit,
438 1647 464 1690 ct
475 1640 549 1708 [tam]
561 1644 696 1690 immanem
706 1643 890 1690 soloecismum

82 1708 152 1756 nihil
168 1709 266 1756 veritus
281 1713 336 1759 esti
363 1713 387 1756 4.
397 1712 486 1769 lmmo,
497 1713 611 1769 inquam,
621 1712 708 1770 potius
718 1725 766 1757 nos
778 1713 804 1757 et
814 1725 890 1769 quam

82 1775 194 1823 audaces
204 1779 231 1823 et
240 1792 315 1835 quani
323 1778 433 1825 licentes
445 1793 540 1839 sumus,
546 1778 590 1836 qui
594 1779 714 1841 frontem
722 1779 838 1837 improbe
848 1778 889 1824 iss-

82 1844 211 1903 docteque
220 1859 274 1890 non
283 1845 356 1891 virili
367 1858 463 1903 genere
474 1846 655 1903 dicimus,cum
664 1848 690 1891 et
699 1846 767 1891 ratio
778 1851 890 1903 propos-²

81 1911 174 1970 tionis,
180 1924 246 1969 quac
256 1912 384 1973 anologio
393 1913 549 1971 appellatur,
556 1915 582 1958 et
591 1916 709 1958 veterum
718 1912 888 1958 auctoritates

81 1991 137 2025 uou
146 1979 221 2038 hanc,
227 1980 273 2026 sed
279 1979 347 2026 hunc
351 1981 470 2041 frontem
476 1980 569 2027 debere
577 1980 628 2027 dici
634 1980 769 2026 suadeant.
780 1978 888 2036 tituil),-

81 2059 116 2106 pe
126 2048 161 2092 M.
175 2048 238 2092 cato
249 2047 276 2093 iu
287 2047 377 2105 quinto
389 2047 526 2107 Originum
536 2048 574 2093 ita
583 2047 699 2106 scripsit:
711 2046 841 2093 Postridie
850 2049 888 2092 si-

68 2116 140 2175 gnis
149 2115 263 2170 collatis,
274 2130 356 2175 aequo
361 2114 466 2176 fronte,
472 2116 603 2174 peditatu,
610 2116 735 2176 equitibus
746 2121 824 2173 atque
834 2113 888 2160 olis

80 2195 139 2227 cum
152 2181 263 2229 hostium
278 2183 419 2243 legionibus
425 2186 563 2242 pugnavit.
597 2184 676 2229 Recto
688 2194 787 2239 quoquc
791 2181 886 2242 fronte

80 2248 152 2294 idem
162 2250 225 2295 cato
241 2250 332 2295 eodem
347 2250 375 2294 iu
390 2250 460 2295 libro
477 2248 549 2296 dicit.
585 2252 609 2295 6.
628 2251 663 2295 At
672 2249 719 2294 ille
730 2247 886 2294 semidoctus

79 2316 275 2375 grammaticus:
293 2316 401 2373 Missas,
415 2316 512 2374 inquit,
529 2316 697 2363 auctoritates
711 2315 804 2362 iacias:
823 2328 886 2372 quas

80 2382 186 2441 quidem
203 2387 232 2430 ut
247 2384 351 2439 habeas,
371 2396 449 2443 posse
463 2382 522 2429 fieri
536 2387 612 2442 put03
632 2384 677 2429 scil
691 2383 821 2429 rationem
835 2382 886 2438 uic,

81 2463 158 2509 quam
167 2451 315 2497 nonhabet.
351 2452 375 2495 ‘t
393 2452 476 2508 Atque
487 2463 546 2509 ego,
562 2450 637 2497 his
615 2464 671 2496 esus
682 2450 776 2504 verbis,
792 2452 823 2495 ut
832 2452 887 2495 tum

81 2516 182 2565 ierelrat
192 2519 272 2578 actus,
284 2517 424 2564 irritatior:
440 2513 542 2579 Uarii,
534 2532 645 2577 iuquam,
655 2517 691 2563 mi
700 2518 833 2577 magister,
842 2529 886 2562 ru·

79 2584 182 2632 tionem
190 2584 285 2631 falsam
294 2585 404 2643 quidem,
419 2584 465 2630 sei
475 2598 551 2641 quam
560 2586 715 2643 redarguere
727 2586 818 2631 falsam
829 2587 887 2630 css'a

78 2654 270 2710 tononquess.
306 2652 330 2698 8.
349 2651 474 2710 Omnis,
465 2665 582 2713 inquam,
595 2652 723 2699 vocabula
733 2645 890 2699 tribuslitc-

80 2717 121 2766 ris
135 2718 219 2781 linita,
239 2719 331 2777 quibus
337 2722 419 2785 frons
433 2720 533 2782 finitur,
552 2720 657 2780 generis
669 2718 809 2770 masculini
819 2717 888 2776 suat,
