2067 3034
141 141 190 194 llo
392 147 498 195 aaut
536 145 690 190 cauum

386 262 409 312 'C
427 260 448 311 Α
465 260 488 311 Ρ
508 260 531 311 U
550 260 575 308 'l'
610 258 692 310 xlv.

169 345 287 388 auri-atur
301 344 399 388 historia
409 350 434 388 de
445 344 545 387 Hostilio
555 342 681 392 Mancino,
701 339 783 391 ccciiii,
803 348 826 383 et
835 340 942 400 dscmq'lia

197 400 326 443 meretrice:
343 403 454 457 certaeque
468 400 555 444 decreti
568 398 717 447 tribunorum,
729 401 762 439 au
769 410 824 455 quoa
834 413 849 438 a
859 399 941 441 Mum·-

145 493 148 500 .
197 456 440 513 linprooocotumect.

145 567 149 574 .
178 534 201 577 l.
221 533 284 577 Cum
299 532 394 578 librum
411 543 507 576 nonum
521 528 593 576 Attei
609 527 742 587 capitonis
757 525 944 574 Coniectaneo-

143 612 200 645 rum
214 599 370 656 legeremus‚
390 597 435 655 qui
448 596 589 655 inscriptus
604 599 644 641 est
653 596 692 641 lle
706 594 811 642 iudiciis
825 596 944 655 publicis,

145 666 277 711 decretum
292 665 456 711 tribunorum
470 665 554 709 disum
564 666 603 710 est
613 662 749 721 gravitatis
760 662 881 718 antiquae
891 663 945 720 ple-

144 743 219 776 num:
238 735 261 777 2.
270 735 407 790 propterea
416 731 442 776 id
452 730 629 787 meminimus3
639 728 716 787 idque
727 727 761 775 ob
771 729 836 775 hanc
847 743 946 775 causam

146 798 209 844 etin
220 798 285 844 hanc
295 798 448 844 sententiam
460 798 584 856 scriptum
595 799 647 843 est:
665 796 696 841 Α.
707 796 837 841 Hostilius
848 796 946 842 Manci—
1030 799 1032 834 i

144 879 195 913 ¹isus
207 864 301 912 aedilis
312 865 411 912 curulis
421 865 480 912 fuit.
517 868 540 910 3.
560 867 584 909 Is
594 862 726 909 Mamiliae
737 861 868 908 meretrici
880 862 946 908 diem
1030 849 1032 868 '

146 934 177 978 ad
193 933 316 991 populum
333 932 414 990 dixit,
433 932 501 989 quod
517 932 548 977 de
562 931 677 977 tabulato
693 930 749 975 eius
767 934 845 975 noctu
861 930 946 987 lapide

147 1002 213 1046 ictus
224 1002 303 1052 esset,
314 1000 459 1055 vulnusque
470 1013 505 1045 ex
516 1012 547 1045 eo
557 998 644 1056 lapide
655 996 816 1043 ostendebat.
846 1000 871 1042 4.
890 999 946 1043 Ma-

147 1058 220 1113 milia
231 1066 262 1111 ad
272 1066 389 1113 tribunos
400 1065 483 1124 plebis
493 1065 656 1124 provocavit.
696 1067 720 1109 5.
738 1064 815 1122 Apud
825 1078 870 1111 eos
880 1064 948 1111 dixit
1031 1079 1033 1088 ³

119 1140 122 1144 ’
147 1136 345 1180 comessatorem
354 1132 500 1179 Mancinum
511 1134 544 1179 ad
554 1132 630 1179 aedes
639 1144 699 1176 suas
710 1132 824 1177 venisse:
844 1146 903 1178 eum
912 1131 948 1177 si-

137 1202 173 1257 bi
185 1197 248 1263 [fas]
259 1200 377 1257 recipere
392 1212 444 1245 non
460 1200 543 1245 fuisse
559 1199 587 1245 iu
602 1200 665 1246 aede
675 1212 733 1262 sua3
752 1200 799 1245 sed
809 1214 866 1245 cum
876 1200 902 1245 vi
912 1200 947 1245 ir-

147 1271 286 1323 rumperet,
297 1266 427 1324 lapidibus
439 1266 582 1324 depulsum.
607 1270 631 1312 b.
647 1266 758 1312 Tribuni
769 1267 948 1323 decreverunt,

148 1334 259 1381 aedilem
272 1347 307 1379 ex
321 1348 352 1379 eo
362 1335 421 1380 loco
433 1335 490 1380 iure
501 1334 643 1393 deiectum,
663 1346 712 1390 quo
724 1348 782 1379 eum
791 1334 881 1380 venire
892 1349 949 1381 cum

149 1400 286 1447 coronario
299 1414 352 1447 non
366 1401 505 1447 decuisset:
524 1405 670 1462 propterea,
686 1413 718 1446 ue
730 1415 787 1447 cum
797 1403 893 1460 populo
905 1416 935 1448 ae

149 1469 209 1513 dilis
219 1471 315 1529 ageret,
327 1468 537 1516 intercesserunt.

284 1571 297 1602 ⁸
407 1584 592 1635 cauus
628 1582 693 1635 xv.

118 1676 123 1697 ³
179 1665 280 1723 Dcfcma
290 1682 305 1709 a
315 1670 383 1724 cieipo
393 1669 506 1711 scatentia
516 1683 544 1711 cc
554 1666 652 1711 historia
662 1665 775 1718 Sallustii,
786 1680 854 1725 quom
865 1666 954 1709 inimici

205 1721 250 1765 eim
260 1737 310 1766 octa
320 1724 468 1768 insectatione
477 1724 579 1779 ancligne
588 1723 784 1778 reprehmdmcut.

120 1823 122 1828 v
184 1802 208 1846 l.
222 1799 363 1858 Elegantia
379 1800 506 1847 orationis
522 1799 643 1847 Sallustii
658 1802 843 1856 verborumque
858 1800 952 1845 lacun-

149 1859 193 1913 dia
207 1870 233 1913 ct
247 1867 361 1914 novandi
376 1868 489 1915 studium
504 1882 559 1913 cum
573 1868 653 1913 multa
665 1881 770 1926 prorsus
782 1866 882 1912 invidia
893 1867 954 1924 tuit,

149 1934 273 1992 multique
288 1948 341 1981 non
353 1936 478 1981 mediocri
492 1934 600 1993 iugenio
616 1934 667 1980 riri
683 1935 770 1980 conati
785 1937 846 1979 suut
863 1948 955 1991 repre-

149 2002 263 2048 hendere
273 2003 396 2060 pleraque
410 2005 436 2049 et
451 2005 608 2049 obtrectare:
628 2002 655 2047 in
670 2002 763 2060 quibus
773 2002 848 2060 plura
859 2000 955 2046 inscite

150 2072 195 2115 aut
205 2068 318 2127 maligne
327 2069 461 2117 vellicant.
495 2069 631 2116 Nonnulla
644 2070 730 2115 tamen
744 2068 825 2115 videri
840 2070 956 2127 possunt

120 2142 123 2147 '
149 2148 203 2181 non
215 2136 321 2195 indigua
333 2136 549 2197 reprehensione3
569 2136 723 2195 quatemus
734 2136 761 2181 in
772 2133 956 2182 Catilinaehi-

151 2203 233 2249 storia
243 2206 375 2261 repertum
386 2206 435 2265 est,
446 2204 514 2261 quod
525 2205 617 2250 babeat
627 2218 683 2249 eam
693 2203 811 2262 speciem,
823 2203 895 2260 quasi
906 2217 957 2261 pa-

150 2284 206 2315 rum
221 2273 320 2316 attente
335 2272 438 2318 dictum.
475 2275 499 2317 2.
520 2274 604 2318 Verba
618 2271 739 2317 Sallustii
749 2271 812 2316 haec
823 2274 898 2316 sunt:
916 2268 956 2315 Ac

151 2336 214 2382 milii
227 2335 327 2396 quidem
333 2369 342 2393 ,
363 2340 470 2384 tametsi
483 2338 684 2400 haudquaquam
692 2352 748 2397 par
756 2339 846 2396 glorio
855 2351 958 2397 scquu-
969 2363 973 2392 g

152 2410 196 2449 tur
205 2405 358 2461 scriptorem
369 2410 397 2450 ct
405 2412 538 2451 auctorem
549 2420 636 2451 rerum
642 2439 651 2463 ,
671 2412 756 2451 tanuen
769 2408 888 2464 inprimis
905 2421 958 2449 ur-
1027 2431 1030 2437 -

151 2471 228 2516 duum
238 2472 350 2528 uidetur,
368 2485 411 2519 rea
419 2479 508 2532 gestos
518 2474 646 2520 scribere:
662 2475 783 2532 primum,
798 2473 958 2533 quodfacto

150 2538 225 2583 dictis
242 2539 419 2597 exaequanda
436 2546 512 2597 suut,·
532 2542 597 2597 dein,
610 2542 813 2601 quodplcriquc,
830 2554 897 2599 quae
909 2542 958 2584 de-

151 2606 215 2649 licto
230 2604 441 2661 reprehenderis,
464 2607 647 2653 niaiicoleotic
661 2613 688 2652 et
702 2609 800 2653 inuidia
818 2607 889 2653 dictu
902 2621 964 2665 pm

151 2676 227 2730 ἴση·
246 2674 291 2716 nbi
305 2671 335 2715 cle
349 2685 443 2732 inagna
460 2675 557 2720 uirtute
571 2682 651 2736 alque
663 2676 751 2735 gioria
766 2676 887 2721 tortorum
901 2689 959 2718 me-
