2067 3034
351 183 422 234 bin.
439 184 471 232 V.
504 185 586 232 CAP.
605 185 647 232 13.
849 180 901 234 iti

100 301 206 358 xerunt,
225 273 422 360 immolaturque
436 302 479 349 illi
492 302 545 349 ritu
559 303 670 348 humano
686 308 775 360 capra:
793 302 902 360 eiusque

8 390 14 408 ι
101 369 220 415 animalis
230 369 376 426 figmentum
386 369 460 417 iuxta
469 370 634 416 simulacrum
642 370 701 414 stat
737 371 776 415 1³.
790 370 900 428 Propte-
923 405 927 410 -

99 448 144 483 rea
157 434 298 493 Virgilium
310 449 411 494 qnoque
424 437 510 491 aiunt,
531 435 630 482 multae
643 434 803 491 antiquitatis
816 435 901 482 bomi-

100 517 170 561 nem,
191 503 249 547 sine
259 502 440 549 ostentationis
454 503 515 549 odio
527 502 650 562 peritum,
668 502 775 547 numina
784 502 861 548 laeva
872 502 899 548 in

102 569 236 627 Georgicis
255 569 401 628 deprecari:
423 569 610 629 significantem
628 569 755 627 quandam
773 568 827 615 rim
842 582 900 616 essa

100 635 278 682 huiuscemodi
293 635 399 683 deorum
414 636 442 683 in
456 637 584 683 laedendo
594 636 676 696 magis
686 650 760 693 qnam
769 635 797 682 in
806 637 900 684 iuran-

101 702 134 750 do
144 705 284 761 potentem.
318 705 415 749 Versus
425 704 529 763 Virgilii
541 703 567 749 hi
578 708 651 750 sunt:

133 772 167 817 In
177 771 249 817 tenus*
257 771 345 826 lotor,
357 774 478 818 attonsis
488 786 538 817 non
546 773 644 831 glorio,
655 772 680 817 ss·
687 785 761 831 quem

133 838 245 883 Noouion
255 838 334 884 loeva
344 842 439 894 sinunt,
449 840 574 898 auditque
584 844 692 885 vocotus
703 837 804 898 Apollo.

102 905 144 951 14.
161 907 191 950 ln
201 903 258 949 istis
270 906 354 951 autem
364 904 426 963 diis,
441 918 506 962 quos
516 905 615 963 placari
625 907 741 963 oportet,
756 905 795 950 uti
805 906 874 952 mals
883 920 900 953 a

101 970 176 1018 nobis
190 971 232 1017 vel
246 985 261 1017 a
272 972 387 1030 frugibus
397 973 465 1017 natis
475 971 643 1031 moliantur,
661 968 825 1019 Auerruncus
834 986 899 1030 quo·

101 1052 150 1098 qne
159 1038 269 1085 habetur
279 1043 305 1086 et
313 1040 434 1099 Robigus·

346 1158 533 1210 CAPUT
567 1157 658 1209 Xlll.

128 1242 164 1287 Do
171 1238 303 1341 bofficiotrom
315 1245 391 1297 gradu
404 1247 471 1300 atquo
481 1240 571 1293 ordine,
591 1242 691 1286 osoribso
700 1242 786 1300 popuii
797 1241 904 1287 Romani.

155 1311 169 1339 0
184 1311 249 1341 terim
261 1311 283 1341 ⁰·

134 1375 158 1421 1.
177 1374 316 1420 Scotorum
330 1373 462 1421 bominum
478 1376 505 1420 et
521 1375 617 1421 Romae
635 1373 762 1422 nobilium
778 1377 854 1432 atque
871 1375 899 1421 in

98 1455 201 1489 morum
216 1441 458 1500 disciplinarumque
473 1445 589 1488 veterum
598 1441 717 1488 doctrina
725 1442 898 1500 memoriaque

3 1524 10 1547 ι
98 1509 287 1568 praestantium
302 1508 453 1567 disceptatio
465 1510 587 1566 quaedam
598 1510 659 1566 tuit,
673 1512 810 1567 praesente
822 1513 898 1567 atque

99 1575 223 1622 audiente
231 1589 284 1635 me,
302 1576 332 1621 dc
343 1576 423 1634 gradu
433 1579 508 1634 atque
520 1576 609 1621 ordine
620 1578 782 1635 officiorum,
792 1590 898 1635 cumque

99 1643 281 1701 quaereretur,
302 1643 394 1702 quibus
408 1655 456 1688 nos
470 1658 501 1690 ea
516 1643 645 1702 prioribus
655 1644 848 1702 potioribusque
859 1645 900 1691 ia·

97 1724 157 1757 cere
170 1712 309 1767 oporteret,
320 1710 343 1756 si
352 1724 457 1757 necesse
467 1713 536 1757 esset
545 1711 572 1756 in
583 1724 663 1769 opera
672 1709 756 1757 dando
764 1709 899 1757 faciundo·

96 1791 147 1837 que
158 1777 242 1823 otllcio
252 1777 321 1824 alios
332 1778 392 1824 aliis
402 1780 540 1832 anteferre,
549 1792 604 1825 non
613 1780 755 1824 constabat.
784 1779 810 1822 2.
830 1778 898 1823 Con-

96 1844 219 1892 veniebat
227 1847 312 1891 antem
323 1845 412 1904 focile,
428 1848 623 1903 constabatque,
640 1859 674 1892 ex
683 1845 797 1892 moribus
807 1843 898 1901 populi

94 1911 220 1973 Romani,
240 1911 349 1969 primum
363 1913 438 1958 iuxta
452 1915 571 1970 parentes
584 1914 672 1959 losum
683 1915 772 1958 tenere
782 1910 899 1968 pupillos

95 1978 201 2036 debere,
216 1977 275 2024 tidei
287 1979 433 2036 tutelaeque
443 1982 548 2025 nostrae
559 1979 681 2037 creditos,
702 1979 842 2025 secundum
851 1989 897 2024 eos
934 2033 936 2036 v

94 2045 246 2106 proximum
260 2045 346 2092 locum
362 2045 469 2091 clientes
482 2044 585 2104 babere,
604 2046 647 2103 qni
662 2058 719 2092 sese
731 2044 822 2091 itidem
830 2044 857 2090 in
868 2044 898 2090 n·
931 2059 936 2084 ι

96 2112 157 2159 dem
170 2112 391 2171 patrociniumque
405 2115 522 2157 nostrum
535 2112 696 2171 dediderunt,
716 2115 770 2158 tum
780 2112 808 2157 in
816 2111 896 2158 tertio

93 2179 159 2226 loco
170 2190 227 2224 esse
237 2178 365 2237 hospitem
384 2181 475 2236 posteo
485 2191 542 2225 esse
557 2182 681 2236 cognatos
691 2180 836 2237 affinesque.
872 2180 896 2224 3.

94 2246 181 2293 Huius
195 2246 277 2292 moris
287 2245 528 2303 observationisque
540 2246 622 2292 mults
632 2248 692 2291 sunt
699 2245 847 2292 testimonis
856 2248 897 2292 st-

89 2326 146 2371 que
166 2312 318 2358 documenta
331 2313 359 2358 in
371 2311 568 2370 antiquitatibus
584 2311 738 2372 perscripta;
758 2325 793 2358 ex
803 2312 906 2368 quibus.

90 2392 178 2425 unum
190 2379 240 2424 boc
254 2378 357 2425 interim
372 2378 403 2424 de
413 2379 551 2425 clientibus
562 2379 740 2437 cognatisque,
759 2379 827 2436 quod
835 2391 896 2438 prae

91 2445 215 2492 manibus
228 2449 280 2504 est,
300 2457 431 2504 ponemus.
466 2448 490 2491 4.
508 2447 546 2491 M.
561 2448 623 2492 Cato
635 2445 661 2491 in
672 2445 802 2503 oratione,
822 2458 897 2502 quam

93 2512 168 2559 dixit
177 2512 245 2571 spui
255 2524 375 2559 ecrisores
386 2512 414 2557 in
424 2512 570 2571 Lentulum,
579 2512 615 2559 itu
625 2513 741 2571 scripsit:
757 2513 832 2568 Quod
840 2524 897 2557 mu-

92 2581 169 2627 s‘orcs
178 2584 294 2627 sanctius
303 2579 427 2638 habuere,
440 2580 674 2641 defends'pops'llos,
687 2593 766 2640 quum
777 2578 908 2623 clientem,

91 2646 267 2709 nonsallere.
285 2646 413 2693 Aduersus
422 2653 544 2707 cognatos
551 2660 603 2706 pro
613 2647 706 2692 cliente
716 2650 849 2702 testatam,-
858 2649 897 2686 te-

91 2715 244 2772 stimonium
260 2713 386 2763 adsersus
400 2713 518 2761 clientem
533 2727 605 2762 semo
623 2715 699 2760 dicit:
717 2714 824 2772 patrem
840 2709 900 2766 pri*
