2067 3034
320 187 400 237 LIB.
419 187 467 238 vt.
502 190 592 238 GAP.
612 192 678 237 ist.
851 188 901 240 149

96 305 218 361 unquam
227 302 255 350 iu
266 305 370 365 aliquod
380 307 436 353 fani
446 308 559 368 asylum,
579 307 619 362 et,
634 317 699 366 quse
708 307 819 365 pessime
831 313 902 357 feee-

93 373 171 427 ruut,
195 384 227 417 ea
240 386 292 419 nan
307 386 369 420 suae
379 376 534 430 temeritati,
553 375 597 421 sed
607 376 660 421 fata
671 387 729 420 esse
740 376 903 423 attribuenda

98 436 196 483 dieunt.
233 440 273 486 14.
292 440 392 487 Primus
406 441 455 487 hae
465 442 672 501 sapientissimus
682 442 730 488 ille
740 446 767 488 et
776 443 902 500 antiquiu

97 506 177 553 simus
188 507 324 563 poetarum
335 508 404 556 dixit
414 508 442 553 in
451 509 522 555 hisae
532 508 663 556 versibus:
889 529 891 531 ·

128 560 162 614 Ὠ
171 565 260 629 πόποι,
273 573 328 618 οἷον
339 568 371 633 δή
382 588 412 620 νυ
422 572 504 627 θεοὺς
513 573 607 638 βροτοὶ
617 566 777 621 αἰτιόωνται.

129 628 175 688 ἘΞ
185 630 271 699 ἡμέων
280 633 331 702 γὰρ
342 639 406 703 φασὶ
416 636 475 687 aau'
487 641 609 704 ἔμμεναι·
628 641 653 688 oi
663 638 692 687 δὲ
702 640 745 687 καὶ
755 636 831 689 αὐτοὶ

73 715 77 758 1
133 701 234 768 Σφῇσιν
244 698 436 771 ἀτασθαλίῃσιν
446 702 507 771 ὑπὲρ
518 703 603 771 μόρον
613 702 684 771 ἄλγε’
696 707 805 767 ἔχουσιν.

100 767 140 817 15.
154 773 243 828 ltaque
253 774 289 818 M.
301 774 391 821 Cicera
402 775 516 835 bilibre,
532 790 606 834 quem
615 777 655 823 De
665 776 730 822 Fata
741 776 840 824 conseri
844 779 904 836 psit,

98 849 156 882 aum
170 840 348 895 quaestionem
364 842 442 889 istam
458 843 557 889 diceret
574 843 782 890 obscurissimam
799 859 856 891 esse
876 849 904 891 et

97 903 342 967 implicatissimam,
362 909 534 969 Chrysippum
547 923 648 967 quaque
657 910 840 969 philosophum
851 926 903 960 nun

99 972 238 1029 expedisse
249 986 277 1020 se
287 975 315 1021 iu
325 988 356 1021 ea
365 978 455 1036 refert,
471 977 512 1024 his
522 977 621 1024 verbis:
642 977 803 1037 chrysmatis
814 986 903 1026 aestu-

97 1052 147 1085 ans
158 1040 345 1101 laboransque,
360 1058 471 1103 arianam
476 1050 559 1103 pacta
571 1046 694 1104 explicet,
709 1052 735 1090 et
738 1046 805 1107 fata
816 1050 902 1093 amnia

91 1102 170 1163 fieri,
180 1114 207 1154 et
216 1122 271 1156 esse
281 1110 385 1171 aliquid
393 1114 420 1158 in
429 1113 514 1168 nobis,
523 1114 668 1159 intricatur
676 1112 725 1157 lsoe
736 1114 818 1159 neoda.

361 1242 547 1295 CAPUT
582 1244 639 1294 111.

126 1320 238 1365 Historia
251 1330 328 1367 sumtu
344 1339 374 1369 ea
389 1311 454 1369 iidrr's
471 1326 597 1369 Tuberonis
610 1330 636 1371 de
650 1331 753 1383 serpente
767 1325 904 1380 invisitntm

153 1378 325 1433 magnitudinis.

134 1455 158 1499 1.
176 1454 279 1501 Tubero
295 1455 323 1502 in
337 1456 457 1504 historiis
467 1459 592 1517 scriptum
600 1458 716 1517 reliquit,
735 1459 807 1506 bello
818 1461 902 1518 primu

5 1520 14 1550 ⁹
95 1520 196 1567 Punica
211 1522 332 1569 Attitium
346 1525 473 1583 Regulum
492 1527 624 1573 consulem
642 1526 671 1571 in
684 1524 787 1585 Africa,
810 1529 903 1574 castris

95 1588 165 1646 apud
180 1588 322 1647 Bagradam
338 1591 431 1637 flumen
445 1593 552 1654 positis,
571 1594 700 1652 praelium
714 1593 811 1651 grande
827 1589 906 1653 atque*

96 1669 157 1701 acre
168 1655 263 1702 fecisse
274 1658 485 1706 adversaturum
496 1663 654 1719 serpentem,
668 1660 696 1705 in
707 1660 762 1705 illis
773 1661 839 1706 lacis
850 1668 903 1707 sta-

94 1722 241 1782 bulantem,
261 1724 412 1771 invisitatae
424 1726 605 1786 immanitatum
625 1740 745 1784 eumque,
759 1741 851 1785 magna
861 1734 903 1774 ta-

7 1798 13 1804 ·
95 1790 149 1836 tius
160 1791 292 1837 exercitus
305 1792 477 1854 condictione,
498 1794 612 1841 ballistis
622 1798 698 1852 atque
709 1795 845 1852 catapultis
858 1796 908 1840 diu'

96 1861 284 1916 oppugnatum:
305 1858 411 1917 eiusque
430 1860 563 1907 interiecti
582 1862 681 1909 conum
699 1860 806 1919 longum
822 1859 905 1919 pedes

96 1930 201 1973 centum
212 1928 239 1972 et
247 1925 343 1985 viginti
352 1928 459 1975 Romam
467 1929 579 1975 misisse.
905 1935 909 1945 ’

357 2048 546 2102 CAPUT
581 2048 635 2102 lV.

124 2130 185 2180 aazia
193 2129 253 2175 idem
265 2130 355 2176 Tubero
365 2145 439 2176 navae
448 2132 561 2177 historiae
571 2136 597 2177 de
606 2130 692 2176 Attidio
702 2130 803 2187 Regnim
818 2148 833 2175 a
845 2132 910 2175 Car·'

152 2188 335 2242 thngirss’ernidm
350 2195 433 2243 crarta,
450 2191 573 2232 memoriae
586 2188 745 2232 mandaverit.-
763 2189 818 2245 quii
831 2190 902 2232 etiam

153 2243 281 2287 Tuditanus
290 2258 357 2301 snper
367 2248 444 2289 eodan
453 2245 543 2301 Regula
554 2245 677 2301 scripserit.

130 2323 153 2368 1.
172 2322 249 2375 Quod
260 2321 324 2368 satis
335 2313 439 2369 celeb're
450 2324 489 2369 est
500 2322 531 2367 de
542 2320 635 2367 Attidio
645 2321 755 2381 Regulo,
770 2321 797 2367 id
806 2336 910 2380 nuper·⁴

93 2386 160 2434 rime
175 2388 286 2447 legimus
300 2389 424 2447 scriptum
438 2389 465 2436 iu
479 2388 605 2434 Tuditani
614 2388 699 2435 libris:
719 2389 846 2448 Regulum
857 2403 903 2436 ea-

93 2460 179 2516 ptum,
195 2456 227 2502 ad
238 2469 281 2515 es,
297 2470 361 2514 quse
372 2456 399 2502 in
411 2460 502 2503 senatu
511 2457 608 2501 Romae
618 2454 687 2502 dixit
696 2457 806 2502 suadens
815 2470 848 2502 ne
859 2468 912 2501 crs-'⁴

93 2522 160 2581 ptivi
177 2536 233 2569 cum
248 2522 504 2582 Carthaginiensibus
512 2517 740 2582 ipermutarentur,
757 2523 784 2568 id
798 2536 901 2581 quaque

94 2589 240 2637 addidisse:
259 2603 388 2637 venenum
402 2589 452 2638 sibi
468 2589 695 2649 Carthaginienses
712 2589 829 2646 dedisse,
848 2602 902 2634 non

93 2657 308 2715 praesentarium,
320 2656 365 2704 sed
376 2657 512 2714 eiusmodi,
527 2658 596 2716 quad
604 2660 714 2704 martem
723 2656 751 2703 in
761 2656 829 2702 diem
839 2669 900 2713 pro·

92 2726 224 2784 terret,ea
236 2724 395 2786 consiliant
404 2726 505 2775 viveret
514 2725 617 2784 quidem
627 2725 753 2781 tantisper
762 2723 846 2781 quoad
856 2722 900 2766 tie-
