2067 3034
186 130 238 185 aaa
443 117 553 179 soar
579 125 736 178 oannis

188 250 318 299 conditam
328 249 445 297 Tabulae
463 248 625 308 compositae
644 249 810 307 scriptaeque
820 248 900 307 sunt3
920 260 996 305 aquo

187 323 302 376 ternpore
313 316 344 364 ad
354 317 421 363 hunc
432 316 500 362 diem
509 316 572 374 anni
583 329 641 362 esse
651 330 705 362 non
713 318 791 374 longe
799 316 891 362 minus
901 316 998 374 septin-

187 387 260 443 genti
279 383 407 430 videntur.
443 386 466 429 't-
484 384 556 429 Dura
576 385 662 429 autern
681 382 805 440 scriptum
824 395 887 428 esse
901 382 995 427 inistis

186 451 288 509 legibus
303 450 363 508 qnid
377 449 525 498 existimari
538 452 638 507 potest?
656 449 715 496 Nisi
730 450 821 495 duram
835 461 899 494 csse
913 449 995 507 legen

186 521 276 577 putas,
297 530 361 574 quae
371 516 483 563 iudicem
491 517 649 563 arbitrumve
659 516 716 562 iure
727 516 825 573 datum,
841 516 891 572 qui
903 517 939 561 ob
949 529 993 560 ren

189 584 325 630 dicendam
337 582 473 640 pecuniam
487 582 617 641 accepim
631 582 766 629 convictus
775 585 830 642 est,
851 581 945 641 capite
954 595 992 640 pn·

186 651 238 699 nit:
257 652 377 708 autquae
389 650 471 695 furem
479 650 646 696 manifestum
661 650 701 710 ei,
720 649 764 695 cui
777 647 885 697 rursum
902 649 991 695 factor

189 720 243 772 est,
261 715 290 762 in
306 714 456 764 servitutem
470 715 564 776 tradit3
583 717 739 766 nocturnum
753 718 840 763 autam
855 717 948 761 furem
960 715 991 760 ias

185 782 322 830 occidendi
331 782 432 830 tribuit.
467 785 492 829 8.
509 782 559 829 Dic
568 784 646 837 enim,
656 796 760 841 quaeso,
776 783 828 839 dic,
838 782 884 828 vir
894 782 992 841 sapien·

185 850 239 896 tiae
249 849 448 908 studiosissime,
457 862 490 895 an
498 851 528 895 tu
537 853 583 898 ant
594 850 689 896 iudicis
699 849 773 896 illius
784 848 928 907 perfidiam
938 862 991 896 coc·

184 919 227 963 tra
238 917 324 963 omnia
334 916 391 963 iura
404 916 493 963 divina
508 920 584 974 atque
597 917 709 963 humana
722 916 910 962 iusiurandum
926 929 990 961 suun

185 984 298 1041 pecunia
308 983 453 1040 vendentis,
464 984 509 1028 ant
519 984 586 1029 furis
594 982 728 1030 manifesti
743 983 944 1029 intolerandam
954 995 991 1028 su-

185 1050 298 1112 daciam‚
311 1053 356 1098 aut
364 1051 485 1098 nocturni
494 1050 652 1108 grassatoris
665 1049 819 1096 insidiosam
828 1049 989 1109 violentiam,

184 1129 239 1164 non
259 1118 361 1176 digraarn
379 1125 436 1164 esse
456 1118 550 1175 capitis
567 1130 668 1176 poenae
687 1117 839 1164 existimes?
877 1120 904 1162 9.
924 1116 989 1174 Noli,

185 1183 271 1241 inquit
280 1182 440 1243 Favorinus,
458 1197 494 1231 ex
502 1197 543 1229 me
553 1197 686 1245 quaerere,
703 1184 764 1243 quid
774 1197 823 1242 ego
833 1183 989 1230 existimem.

185 1250 242 1297 Scis
260 1251 341 1308 eninr,
361 1243 468 1297 solitum
477 1264 535 1297 esse
544 1265 587 1298 me
595 1265 644 1309 pro
655 1251 793 1309 disciplina
802 1253 909 1312 sectae,
921 1263 990 1309 quan

185 1316 259 1376 colo,
279 1317 411 1375 inquirere
421 1317 522 1375 potins,
542 1331 618 1376 qnam
632 1320 780 1365 decernere.
817 1320 859 1364 lt.
879 1318 989 1366 sednon

185 1382 253 1430 {evis
263 1384 437 1444 existimator,
446 1397 530 1442 neque
541 1385 713 1443 aspernabilis
724 1387 763 1431 est
772 1384 890 1443 populns
900 1385 990 1431 Roma-

185 1463 245 1507 nus,
253 1451 296 1497 cni
306 1451 401 1498 delicta
410 1450 511 1508 quidem
521 1451 620 1498 isthaec
625 1452 787 1513 vindicanda,
795 1464 901 1509 poenae
908 1454 989 1498 umen

145 1521 149 1530 '
184 1515 362 1565 huiuscemodi
371 1518 448 1564 nimis
455 1518 535 1564 durae
545 1518 680 1566 essesisae
690 1523 763 1577 sunt3
773 1531 868 1578 passus
878 1518 989 1565 estenin

184 1583 258 1641 leges
267 1585 331 1631 istas
342 1586 373 1631 de
383 1587 434 1631 tam
443 1585 581 1632 immodico
591 1586 736 1645 supplicio,
755 1586 809 1632 situ
826 1588 907 1643 atque
919 1584 987 1633 senio

135 1705 136 1714 ἵ
185 1650 283 1709 emori3
309 1653 350 1697 11.
361 1651 428 1698 sicut
438 1652 506 1697 illud
516 1665 626 1710 quoque,
636 1666 689 1699 aon
698 1652 845 1700 humaniter
856 1653 987 1711 scriptum,

183 1714 353 1775 improbavit:
373 1719 448 1776 qnod,
459 1720 482 1764 si
491 1718 568 1765 homo
578 1719 606 1765 in
615 1718 656 1766 ius
665 1723 780 1780 vocatus,
788 1721 883 1767 morbo
893 1723 942 1766 eut
950 1732 988 1765 ae·

183 1786 237 1831 tate
247 1796 337 1844 aeger,
356 1784 388 1831 ad
401 1785 599 1845 ingrediendum
613 1786 745 1834 invalidus
759 1789 812 1847 est,
830 1799 929 1833 arcera
940 1799 988 1832 non

184 1851 324 1900 sternitur:
343 1852 389 1898 sed
400 1852 455 1911 ipse
466 1853 595 1913 aufertur,
613 1856 640 1901 et
654 1854 770 1901 iumento
781 1853 944 1916 imponitur,
953 1857 987 1900 at·

183 1930 233 1975 que
245 1932 281 1967 ex
291 1919 365 1966 domo
376 1932 421 1965 sua
431 1919 464 1966 ad
473 1921 627 1968 Praetorem·
638 1921 667 1967 in
676 1921 815 1968 Comitium
827 1933 901 1966 nova
915 1922 987 1968 fune·

183 1986 222 2031 ris
236 1986 303 2033 facie
317 1987 431 2034 effertur.
466 1986 549 2039 Quam
562 1987 632 2034 enim
645 1989 678 2034 ob
693 2002 795 2034 causam
811 1987 907 2034 morbo
930 1988 987 2035 affe-

184 2054 250 2112 ctus,
259 2056 287 2099 et
296 2054 328 2101 ad
337 2052 545 2113 respondendum
554 2067 602 2112 pro
613 2068 671 2102 sese
680 2068 734 2101 non
743 2055 865 2114 idoneus,
872 2054 987 2102 iumento

182 2119 325 2167 adhaerens
336 2120 364 2166 in
378 2121 419 2167 ius
429 2120 579 2167 adversario
593 2120 759 2181 deporteturt
794 2123 835 2168 12.
855 2121 938 2175 Quod
947 2135 986 2168 re·

181 2198 213 2233 ro
225 2187 294 2248 dixi,
303 2187 388 2234 videri
402 2186 526 2245 quaedam
535 2201 592 2235 esse
600 2188 733 2248 impendio
743 2188 882 2236 mollioraz
900 2202 986 2237 nonne

181 2252 342 2312 ubiquaque
353 2255 456 2301 ridetur
464 2254 541 2301 nimis
551 2267 608 2302 esse
618 2256 738 2317 dilutum,
750 2256 820 2314 qnod
829 2257 870 2302 ita
877 2256 910 2302 de
921 2256 986 2302 inia-

64 2345 71 2354 s
114 2367 116 2371 ,
180 2319 557 2378 riapnniendascriptumest:
582 2323 618 2371 SI
643 2323 837 2370 lNlURIAM
867 2323 985 2372 ALTE-

180 2384 220 2430 ΕΙ
260 2387 394 2446 FAXIT,
429 2388 590 2436 VIGINTI
633 2389 818 2445 QUINQUE
866 2390 984 2437 AERIS

179 2449 340 2499 POENAE
362 2455 502 2502 SUNTO.
537 2454 683 2510 Quisenim
693 2456 902 2517 erittaminops‚
914 2471 985 2517 quera

180 2518 212 2561 ab
222 2515 334 2566 iniuriae
343 2521 476 2568 faciendae
490 2521 602 2569 libidine
616 2523 712 2583 viginti
726 2523 838 2582 quinque
853 2536 933 2571 asses
944 2525 983 2570 de·

179 2584 311 2630 terreant?
348 2588 386 2632 13.
404 2590 492 2645 ltaque
505 2603 563 2635 cnm
575 2604 632 2637 eam
645 2591 731 2650 legem
745 2591 777 2644 Q.
787 2603 892 2650 quoqne
899 2592 985 2638 Labeo

180 2651 267 2696 vester
276 2649 303 2696 in
314 2651 397 2713 libris,
412 2668 476 2716 quos
491 2656 525 2704 ad
540 2656 677 2706 duodecim
687 2658 801 2708 Tabulas
817 2659 985 2721 conscripsit,
