2067 3034
123 126 204 177 ,258
309 131 311 136 ’
405 125 707 175 AULIGELLII

153 247 224 293 docti
239 244 303 292 viri:
323 243 390 304 apud
406 246 507 290 veteres
523 243 665 301 Aegyptios
681 244 759 301 (quod
775 255 857 303 genus
874 240 958 289 bomi-

152 328 212 361 num
227 314 330 359 constat
345 316 371 358 et
385 313 411 357 in
424 312 523 357 artibus
533 311 695 368 reperiendis
706 312 829 357 sollertes
840 309 960 357 exstitis-

151 394 198 441 se,
211 384 242 426 et.
252 380 286 426 iu
299 379 450 437 cognitione
463 391 551 423 rerum
571 377 717 435 indaganda
736 378 868 437 augurata)
889 378 959 423 furta

151 447 238 495 omnia
248 446 330 493 tuisse
339 446 414 492 licita
426 448 452 491 et
462 444 599 502 impunita.
635 448 675 490 l'l.
694 446 770 503 Apud
784 446 959 491 Lacedaemo-

150 515 211 562 nios
221 527 336 573 quoque,
350 512 453 559 sobrios
468 512 531 557 illos
546 514 572 557 et
582 525 655 558 acres
665 511 750 569 viros,
771 511 845 558 euius
855 511 893 557 rei
903 523 959 557 non

150 583 215 629 adeo
228 585 257 627 ut
267 580 404 640 Aegyptiis
415 579 477 625 fides
487 578 630 637 longinqua
645 581 698 639 est,
720 593 774 626 non
787 578 862 638 pauci
872 590 956 635 neque

150 648 279 708 ignobiles
294 647 449 706 scriptores,
469 646 513 703 qui
530 647 561 691 de
574 648 690 693 moribus
705 646 855 705 legibusque
867 658 958 692 eorum

149 715 288 762 memorias
311 713 495 768 condiderunt,
514 713 555 759 ius
570 715 647 771 atque
662 727 738 759 usum
752 714 835 760 tuisse
851 711 956 760 iurandi

150 784 252 841 dicuut;
270 782 348 840 idque
361 794 376 826 a
391 780 526 826 iuventute
540 794 645 838 eorurn,
663 794 717 827 non
727 781 759 826 ad
773 781 861 839 turpia
871 780 954 840 lucra,

147 864 229 908 neque
241 850 272 895 ad
282 851 393 894 sumtum
403 847 508 895 libidini
517 849 705 907 praebendum,
723 847 954 907 comparandamve

148 917 322 975 opulentiam,
340 918 383 962 sed
395 929 441 974 pro
452 915 580 962 exercitio
592 916 779 973 disciplinaque
788 915 828 961 rei
839 914 954 961 bellicae

148 985 308 1030 factitatum:
326 984 397 1041 quod
407 985 433 1029 et
443 983 547 1029 furandi
557 984 678 1029 sollertia
688 986 714 1029 et
724 984 862 1029 assuetudo
874 995 954 1028 acue-

147 1054 187 1098 ret
200 1052 397 1110 obfirmaretque
411 1050 732 1097 unimusadolescentium
749 1054 780 1097 et.
790 1051 822 1096 ud
843 1049 955 1095 insidia·
1021 1092 1023 1094 ,

147 1132 203 1165 rum
219 1122 290 1164 astus
301 1121 334 1166 et
347 1118 379 1164 ad
395 1117 523 1175 vigilandi
537 1118 706 1164 tolerantiam
718 1122 744 1164 et
759 1117 791 1163 ad
810 1116 952 1175 obrependi

148 1185 316 1232 celeritatem.
355 1187 394 1229 18.
414 1184 467 1230 Sed
482 1184 551 1230 enirn
565 1187 674 1231 iliceto
688 1185 716 1230 in
728 1184 856 1242 oratione,
876 1196 950 1242 quarn

147 1253 186 1299 De
197 1251 292 1310 praeda
300 1251 429 1297 militibus
441 1251 583 1297 dividunda
593 1249 704 1310 scripsit,
721 1252 914 1299 vehementibus
926 1256 954 1296 et

148 1319 293 1365 illustribus
306 1318 390 1365 verbis
405 1319 437 1363 de
447 1318 600 1379 impunitate
611 1320 746 1377 peculatus
754 1322 832 1378 atque
842 1318 953 1365 licentia

148 1386 323 1445 conqueritur.
357 1386 397 1434 Ea
407 1387 494 1442 verba,
505 1387 627 1443 quoniam
637 1387 711 1433 uobis
721 1387 836 1445 impense
846 1387 952 1445 placue-

148 1457 221 1512 runt,
237 1453 432 1511 adscripsimus:
452 1453 551 1513 Fures,
573 1453 666 1514 inquit,
683 1455 954 1516 priuatorumfurto-

148 1535 206 1566 ram
220 1525 250 1566 sir
261 1535 341 1566 nereo
353 1527 433 1581 atque
446 1522 473 1566 in
488 1522 650 1580 compedibus
668 1528 783 1567 aetutem
793 1528 887 1581 aguutt
900 1520 953 1582 fa-

146 1589 298 1646 respublica·
311 1590 339 1632 s'n
353 1602 421 1633 auro
432 1594 511 1649 atque
521 1590 690 1647 iri-purpura.
727 1590 767 1634 lo.
787 1590 869 1642 Quam
879 1592 952 1634 caste

147 1657 231 1701 autern
241 1658 267 1702 et
277 1669 351 1712 quam
361 1654 489 1714 religiose
500 1668 515 1701 a
526 1654 735 1714 prudentissimis
746 1655 818 1714 viris,
837 1656 899 1713 quid
910 1668 953 1701 es-

147 1725 188 1769 set
199 1724 307 1782 turtum,
329 1721 459 1769 definitum
471 1723 517 1782 sit,
537 1723 752 1781 praetereundum
762 1726 900 1781 uonputo,
917 1737 952 1768 ue

146 1788 204 1848 quis
215 1804 272 1835 eum
282 1790 368 1836 solum
379 1791 463 1836 iurem
473 1803 530 1836 esse
540 1792 624 1849 putet,
639 1791 680 1847 qui
694 1790 795 1837 occulte
805 1790 891 1848 tollit,
906 1792 953 1836 aut

147 1858 212 1904 clam
223 1856 341 1915 surripit.
375 1859 415 1903 2⁰.
434 1858 520 1903 Verba
533 1859 593 1903 suut
609 1857 701 1903 Sabini
711 1871 745 1904 ex
755 1858 823 1904 libro
833 1858 902 1903 luris
913 1858 953 1904 ci-

146 1924 208 1971 vilis
219 1925 345 1971 secundo:
365 1925 417 1982 Qui
432 1926 546 1970 alienam
561 1938 615 1970 rem
627 1927 796 1988 attrectavit,
817 1940 875 1972 cum
884 1925 913 1971 id
923 1941 952 1972 se

146 1995 227 2039 iuvita
243 1994 343 2038 domino
356 1993 454 2054 fucere
470 1992 592 2039 iudicare
608 1992 725 2051 deberet,
741 1993 820 2055 furii
836 1998 951 2039 tenetur.

146 2060 189 2105 at.
206 2061 271 2106 ltem
281 2058 335 2106 alio
347 2058 441 2118 capite:
460 2060 513 2117 Qui
525 2059 738 2106 circumiacent
755 2060 956 2122 lucrifaciendi

146 2140 230 2174 causa
239 2128 352 2186 sustulit,
361 2127 438 2188 furti
445 2127 625 2186 obstringitur,
637 2129 692 2175 sive
702 2129 752 2174 ser’t
759 2130 831 2174 cuitus
841 2129 885 2187 sit,
896 2142 954 2175 aare

145 2196 234 2240 nescit.
268 2197 310 2241 22.
330 2195 402 2240 llaec
411 2193 514 2251 quidem
527 2194 564 2240 sic
575 2193 653 2255 ineo,
666 2208 715 2252 quo
725 2208 793 2241 nunc
806 2195 870 2253 dixi,
880 2195 952 2242 libro

146 2261 257 2309 Sabinus
266 2260 372 2319 scripsit
381 2262 411 2308 de
421 2263 500 2309 rebus
510 2261 576 2308 furti
586 2261 699 2308 faciendi
708 2276 786 2309 causa
793 2263 949 2309 attrectatis.

144 2330 186 2373 23.
205 2329 256 2374 Sed
269 2328 418 2377 meminisse
433 2330 568 2386 debemus,
584 2330 725 2376 secundum
735 2343 774 2390 eu,
794 2343 858 2387 quae
869 2342 952 2389 supra

131 2411 133 2414 ·
144 2394 246 2453 scripsi,
252 2397 348 2442 furtum
358 2397 416 2443 siue
426 2398 483 2443 ulla
492 2410 593 2456 quoque
604 2397 785 2445 attrectatione
795 2397 852 2443 fieri
862 2410 953 2456 posse,

145 2461 202 2507 sola
211 2464 295 2507 mente
305 2467 380 2521 atque
394 2465 490 2522 animo,
510 2467 541 2510 ut
555 2466 653 2511 turtum
667 2465 718 2525 liat,
730 2465 872 2511 annitente.
907 2466 953 2512 24.

145 2529 274 2582 Quocirca
283 2541 315 2573 ne
326 2529 353 2575 id
363 2525 465 2587 quidem
475 2531 586 2579 Sabinus
597 2532 714 2585 dubitare
726 2533 813 2593 seuit,
829 2532 892 2591 quin
903 2533 954 2579 do-

142 2593 227 2641 minus
237 2594 301 2640 furti
312 2595 347 2641 sit
357 2599 575 2661 condemnandus,
591 2598 635 2658 qui
646 2612 721 2647 servo
733 2614 788 2660 suo,
803 2600 841 2645 uti
853 2601 954 2647 lurtum

143 2663 249 2727 laceret,
259 2655 405 2721 imperavit.
