2067 3034
150 194 184 245 το
389 182 511 243 ¹⁷nuni
539 174 698 240 essuri

151 328 209 362 cum
218 308 327 376 [tamen]
339 325 373 359 ex
383 310 447 369 ipsis
456 310 533 356 rebus
544 310 671 357 vocabula
682 308 799 356 colorum
810 311 957 369 mutuetur;

151 386 178 429 et
188 382 292 440 igneum
302 379 401 437 aliquid
411 378 488 434 uicit,
497 381 524 422 et
534 378 685 437 flammeum,
701 380 727 422 et
737 378 918 436 sanguineum,
930 383 959 423 et

152 451 280 508 croceum,
292 449 317 493 et
328 446 463 502 ostrinum‚
474 447 502 489 et
511 456 626 489 aureum.
661 449 684 490 6.
694 443 792 490 Russus
803 444 871 490 euim
883 446 959 491 color

151 520 178 562 et
190 516 268 561 ruber
278 513 345 559 nihil
359 525 374 557 a
384 511 510 558 vocabulo
521 508 576 569 rufi
587 511 724 571 differunt,
745 525 829 569 neque
840 513 960 570 proprio-

152 585 220 629 tates
233 581 289 629 eius
300 592 389 626 omnes
401 578 545 636 declarant,
565 570 665 629 ξανθὸς
675 581 760 624 autem
771 583 798 624 et
807 572 922 641 ἐρυθρός
933 584 960 627 et

151 643 250 710 πυῤῥός
266 651 291 694 et
304 644 387 709 φοῖνιξ
402 645 496 691 habere
510 645 632 702 quasdam
647 644 783 691 distantias
798 645 895 691 colosis
910 647 958 692 ruli

152 716 289 771 uidentur,
308 713 351 759 vel
362 715 487 770 augentes
498 726 567 774 eum,
583 712 625 758 vel
635 711 805 772 remittentes,
821 712 863 759 rel
873 713 960 758 mixta

152 783 262 840 quadum
276 783 362 838 specie
376 783 559 838 temperantes.
595 781 618 824 ⁶1.
637 779 702 824 Tum
715 779 815 825 Fronto
829 781 859 825 ad
870 780 959 826 Favo-

152 849 251 895 rinum:
270 847 451 902 Namnatius,
469 846 563 905 inquit,
575 846 653 906 imus,
675 846 735 903 quin
746 846 837 905 lingue
848 847 958 908 Graeca,
1027 874 1028 901 ,

152 931 225 974 quum
234 920 263 961 tu
274 915 363 961 videre
374 913 478 972 legisse,
488 913 619 972 prolixior
630 913 764 971 fusiorque
775 915 818 974 sit,
825 926 899 970 quiam
909 928 959 960 uo-

153 988 221 1029 stra:
241 983 287 1028 sed
302 982 329 1027 in
344 982 384 1028 liis
400 985 484 1027 tamen
497 980 644 1038 coloribus,
659 981 751 1038 quibus
765 982 842 1027 modo
853 982 957 1046 dixisti,
1027 1006 1028 1021 i

154 1050 331 1111 designandis,
337 1063 390 1095 uon
402 1048 510 1106 perinde
521 1049 612 1106 inopes
622 1061 717 1106 sumus,
727 1051 758 1094 ut
769 1048 818 1094 tibi
828 1048 956 1096 videmur.

152 1123 177 1165 8.
197 1120 255 1165 Non
266 1117 336 1164 enim
345 1116 407 1162 haec
418 1119 479 1161 sunt
488 1116 545 1162 sola
554 1115 680 1161 vocabula
689 1117 775 1162 rutum
786 1116 902 1162 colorem
912 1117 957 1163 de·

151 1185 340 1238 monstrantia,
358 1195 423 1240 quae
435 1185 462 1228 tu
471 1184 548 1229 modo
559 1181 660 1240 dixisti,
671 1184 748 1244 rusus
759 1187 786 1230 et
795 1186 892 1243 ratem
910 1185 955 1231 sed

152 1254 205 1301 alis
216 1267 317 1310 quoque
326 1252 448 1297 habemus
458 1251 542 1310 plura,
549 1264 623 1307 quam
634 1263 699 1306 quae
710 1250 778 1297 dicta
788 1252 832 1297 alis
841 1255 867 1297 te
875 1253 957 1299 Grae·

151 1336 181 1368 cu
191 1320 369 1366 surrttlulvus
384 1317 452 1364 enim
469 1322 495 1363 et
510 1318 592 1363 ssavus
608 1322 633 1363 et
642 1315 749 1363 rubidus
760 1323 787 1364 et
795 1319 956 1378 phoeniceus
1028 1338 1029 1375 l

152 1392 179 1433 et
193 1388 290 1434 rutilus
304 1391 331 1432 et
341 1387 424 1431 lutcus
438 1387 465 1430 et
479 1385 571 1446 spadix
583 1384 772 1443 appellationes
783 1390 843 1432 sunt
853 1386 901 1433 rufi
911 1401 955 1434 co.

150 1454 226 1508 loris,
236 1458 281 1500 aut
291 1457 412 1500 acuentes
423 1466 479 1498 eum
491 1452 564 1509 quasi
575 1451 752 1514 incendentes,
762 1458 807 1500 aut
816 1467 873 1501 cum
883 1455 956 1501 colo-

151 1537 180 1570 re
196 1522 273 1568 siricii
287 1521 438 1575 miscentes,
458 1526 503 1565 aut
516 1520 593 1578 nigro
609 1519 782 1576 infuscantes,
802 1526 846 1567 aut
857 1521 955 1568 virenti
1029 1519 1031 1528 '

151 1590 247 1636 sensim
268 1590 328 1635 albo
343 1588 532 1634 illuminantes.
567 1591 591 1632 9.
610 1588 674 1633 Nam
687 1587 860 1650 phoeniceus,
879 1603 955 1647 quem

150 1663 180 1703 tu
192 1651 289 1703 Graece
299 1655 400 1718 φοίνικα
411 1653 514 1714 dixisti,
535 1660 627 1700 noster
637 1657 684 1715 est,
696 1659 723 1700 et
731 1656 839 1712 rutilus,
860 1659 886 1719 et
896 1670 955 1716 spa-

151 1726 196 1773 dix
211 1722 350 1784 phoenicei
364 1714 524 1780 circuiremus,
544 1721 587 1778 qui
602 1722 686 1768 iactus
697 1723 794 1769 Graece
804 1727 895 1771 noster
904 1729 953 1785 est,

151 1791 346 1841 exuberantiam
361 1789 575 1847 splendoremque
588 1787 715 1847 significat
729 1792 845 1850 ruboris3
865 1792 954 1849 quales

151 1866 211 1908 suut
224 1861 322 1907 tructus
336 1857 435 1916 palmae
450 1856 552 1902 arboris
566 1869 618 1902 non
635 1856 770 1904 admodum
781 1860 836 1905 sole
847 1859 953 1915 incocti,

148 1930 219 1976 uude
230 1927 378 1987 spadiciset
388 1923 524 1982 phoenicei
534 1937 628 1970 nomen
640 1927 687 1970 est.
713 1927 751 1972 lo.
766 1926 876 1985 Spadica
886 1926 953 1974 euim
1029 1972 1030 1975 ,

149 1995 242 2043 Dorici
262 1997 357 2041 vocant
373 1992 490 2038 auulsum
506 2005 521 2037 e
535 1992 620 2051 palma
635 1991 763 2038 termitem
782 2007 838 2039 cum
859 1996 953 2041 fructu.

152 2065 193 2109 ll.
211 2064 309 2108 Fulvus
324 2063 407 2108 autem
424 2060 538 2119 videtur,
560 2058 591 2104 de
604 2061 663 2106 rulo
674 2065 749 2117 atque
759 2061 837 2106 uiridi
848 2061 953 2124 mixtus,

152 2132 180 2176 in
191 2131 250 2175 aliis
261 2130 319 2187 plus
331 2126 431 2185 viridis,
442 2126 469 2172 in
480 2126 540 2171 aliis
550 2126 608 2184 plus
618 2127 665 2173 rufi
674 2127 779 2174 habere:
790 2128 859 2175 sicut
867 2130 954 2188 podia,

150 2199 290 2243 verborum
305 2192 531 2254 diligentissimus,
544 2194 652 2255 saloma
666 2197 784 2255 aquilam
798 2195 863 2241 dicit
877 2199 904 2243 et
912 2198 954 2242 ia·

152 2265 258 2325 spiritur,
263 2265 355 2326 sulcos
364 2264 478 2323 galeros,
485 2264 510 2307 et
512 2262 618 2323 salumn
629 2276 730 2321 aurnum,
742 2269 767 2308 et
778 2277 887 2310 arenam
893 2264 955 2324 sul-

150 2345 211 2380 cam
225 2335 251 2377 et
259 2331 365 2391 sitleam
378 2330 492 2388 leonenc,·
512 2329 600 2385 sicque
617 2330 649 2382 Q.
666 2329 769 2374 Ennius
779 2330 805 2374 in
817 2331 954 2376 ausralilrus

152 2409 216 2445 uere
227 2398 306 2458 ‘fetico
322 2397 411 2443 dixit·
435 2399 474 2443 12.
494 2395 594 2442 Flavus
608 2401 700 2443 contra
713 2396 818 2444 videtur
829 2412 863 2445 ex
875 2396 954 2444 viridi

152 2468 178 2513 et
189 2467 248 2510 rulo
258 2468 284 2509 et
295 2464 354 2509 albo
367 2467 517 2519 concretus;
538 2461 712 2524 sicfloventes
722 2480 819 2523 coritae,
835 2469 869 2525 et,
886 2465 955 2523 quod
984 2490 990 2499 ·

150 2532 239 2580 niirari
251 2532 372 2588 quosdam
383 2529 467 2587 video,
471 2530 580 2591 frontes
591 2535 708 2578 olearum
720 2532 855 2590 al'irgilio
868 2533 956 2579 dicun·

151 2605 195 2646 tur
200 2597 304 2658 flavae.
333 2599 372 2643 13.
389 2597 432 2643 Sic
446 2597 528 2642 mullo
539 2601 600 2643 aute
610 2599 737 2645 Pacuvius
748 2600 955 2661 apocarustaoom

152 2667 233 2717 dixit,
251 2666 384 2726 etflacmn
393 2665 541 2723 puluerem
560 2665 633 2711 cuius
644 2679 745 2726 sersus,
764 2667 957 2725 quoniamsuut

151 2732 343 2793 iucundissimi,
354 2730 440 2778 libens
450 2732 623 2782 commemini:
