2067 3034
231 134 314 181 ΗΒ.
334 133 387 186 ΧΨ
393 137 432 182 11.
468 129 559 181 CAPss
577 135 617 183 lt.
635 136 676 183 18.
805 138 857 191 399

55 254 156 302 ctitare.
191 254 215 299 2.
234 253 364 312 Scriptum
379 253 456 301 etiam
470 267 486 300 a
498 254 615 315 Lenaeo,
637 257 682 301 Cn.
693 254 809 313 Pompeii
824 255 860 301 li.

54 327 141 378 nerto,
162 321 339 368 Mithridatem
355 322 430 368 illum
440 321 517 368 Ponti
532 335 619 380 regma
629 321 773 368 medicinae
782 322 821 368 rei
833 326 860 370 et

53 389 227 436 remediorum
240 389 267 435 id
281 402 363 447 genus
378 389 511 434 sollertem
527 390 620 436 foisse:
645 389 801 447 solitumque
816 404 860 435 ea-

53 470 111 503 rum
121 455 272 514 sanguinem
285 455 395 502 miscere
408 455 615 517 medicamentis,
635 470 700 514 quae
711 457 860 514 digerendis

54 523 163 571 venenis
179 524 279 569 valent:
300 536 407 581 eumque
422 523 577 581 sanguinem
592 524 635 569 vel
650 523 861 580 potentissimum

54 603 114 636 esse
129 590 157 637 in
171 603 202 635 ea
216 590 395 637 confectiones
422 592 444 636 3.
460 590 544 647 ipsum
560 593 644 637 autem
655 603 743 648 regem
753 592 859 637 assiduo

53 658 148 704 talium
161 657 320 703 medelarum
332 670 382 703 usu
398 670 413 702 a
429 657 599 703 clandestinis
609 657 744 715 epularum
754 658 860 704 insidiis

54 724 168 771 cavisse:
177 725 210 768 ’4.
222 724 285 781 quin
293 726 319 768 et
329 724 453 769 scientem
463 738 564 781 quoqne
576 724 655 783 ultro,
673 726 699 770 et
709 724 860 771 ostentandi

53 791 140 850 gratia
153 804 280 836 venenum
294 790 410 848 rapidum
423 795 449 835 et
464 791 544 837 velox
559 804 745 849 saepenumero
755 793 860 838 hausis-

53 871 96 905 se:
121 861 197 916 atque
212 857 337 903 idtamen
352 857 410 903 sine
425 870 495 902 noxa
512 856 602 904 fuisse.
638 860 662 903 5.
686 859 859 911 Quamobrem

51 928 155 984 postea,
166 938 222 970 cum
234 922 335 983 proelio
346 917 429 970 victus
441 922 468 968 in
478 924 570 971 ultima
579 923 655 982 regni
668 925 818 986 refugisset,
829 929 857 973 et

51 991 120 1039 mori
136 991 308 1047 decrevisset,
326 992 352 1037 et
366 1003 467 1037 venena
485 990 676 1039 violentissima
695 992 857 1040 festinandae

52 1059 126 1106 neeis
147 1071 224 1105 causa
242 1060 339 1105 frustra
353 1060 476 1118 expertus
491 1061 573 1119 esset,
592 1072 640 1106 suo
659 1073 686 1105 se
701 1059 755 1117 ipse
768 1059 858 1117 gladio
908 1113 911 1118 ,

51 1126 188 1184 transegit.
223 1128 247 1171 6.
265 1126 350 1172 Huius
363 1126 433 1184 regis
444 1124 580 1172 antidotus
595 1126 798 1174 celebratissima
809 1131 855 1183 est,

52 1207 118 1254 quae
129 1192 307 1241 Mithridation
318 1196 434 1241 vocatur.
525 1231 529 1240 ,

293 1314 354 1364 CA
370 1314 393 1365 P
411 1316 436 1366 U
454 1316 479 1366 'l'
513 1315 619 1368 xvlt.

81 1380 257 1431 Mithridatem,
276 1380 349 1424 Ponti
362 1393 451 1435 regem,
469 1383 567 1440 quinque
576 1390 599 1426 ct
607 1381 694 1437 viginti
701 1381 786 1437 linguis
796 1383 858 1425 lone

112 1442 171 1486 wan,
192 1437 340 1493 Quintumque
353 1435 451 1480 Ennium
464 1439 513 1481 trin
527 1442 598 1482 ccretn
610 1453 654 1482 sese
668 1439 750 1481 laten
767 1439 857 1489 diense,

111 1496 174 1549 quod
184 1499 229 1536 tres
238 1492 329 1546 linguas
334 1493 499 1548 percatllus‘met
511 1493 632 1546 Graecam,
646 1492 857 1545 oscamtatinam.

54 1598 63 1606 -
90 1570 114 1615 1.
133 1569 164 1621 Q.
175 1569 276 1615 ltunios
290 1569 341 1616 tria
355 1570 433 1616 corda
446 1570 540 1617 habere
551 1584 609 1616 sese
619 1570 728 1626 dicebat,
738 1570 806 1627 quod
816 1570 859 1616 lo·

53 1635 100 1695 qui
112 1636 209 1682 Graece
219 1638 246 1682 et
257 1638 323 1682 Osce
334 1640 361 1683 et
370 1637 462 1684 Latine
472 1638 561 1684 sciret.
592 1641 617 1684 2.
635 1636 800 1684 Mithridates
810 1650 858 1684 au-

51 1707 115 1764 tem,
126 1703 203 1749 Ponti
214 1705 289 1760 atque
299 1702 433 1763 Bithyniae
445 1718 494 1751 rex
504 1705 627 1764 inclytus,
643 1705 687 1761 qui
699 1718 714 1750 a
724 1707 769 1750 Cn.
780 1704 857 1751 Pom·

52 1771 115 1831 peio
134 1770 207 1816 oelto
228 1773 363 1828 superatus
382 1775 430 1828 est,
449 1772 561 1830 quinque
579 1775 605 1818 et
621 1772 715 1829 viginti
732 1771 857 1831 gentium,

52 1851 119 1898 quas
133 1836 290 1884 subditione
305 1838 408 1898 habuit,
426 1838 531 1897 linguas
547 1838 699 1897 percalluit:
719 1852 857 1895 earumque

53 1904 168 1953 omnium
177 1904 292 1964 gentium
301 1905 366 1951 viris
376 1906 443 1952 haud
452 1920 564 1963 unquam
573 1919 620 1963 per
629 1905 792 1962 interpretem
801 1905 858 1951 eol·

52 1974 156 2020 locutus
172 1974 224 2029 est,
243 1972 302 2031 sed,
323 1977 488 2031 utquomque
503 1977 534 2021 ab
545 1986 577 2019 eo
588 1971 786 2031 appellarlusus
797 1972 856 2031 tuit,

51 2040 162 2101 proinde
173 2039 264 2098 lingua
274 2043 300 2085 et
310 2040 429 2086 oratione
439 2040 530 2099 ipsius,
540 2053 593 2087 uon
602 2040 687 2086 minus
697 2039 770 2100 scite,
781 2053 858 2098 quum

51 2107 76 2154 si
86 2105 194 2167 gentilis
205 2106 261 2153 eius
270 2111 347 2169 esset,
362 2108 466 2154 locutus
477 2110 525 2154 est.
853 2127 856 2134 ·

53 2273 57 2280 ¹
284 2219 305 2269 C
321 2218 344 2267 Α
361 2217 383 2269 Ρ
402 2218 426 2269 U
444 2218 469 2269 Τ
505 2216 629 2269 XVIII.

82 2281 191 2334 monta.
204 2282 277 2326 Varro
290 2283 313 2326 C.
325 2282 471 2336 Sallustium,
486 2284 598 2328 historiae
612 2284 759 2339 scriptorem,
777 2288 856 2343 depre-

108 2341 200 2384 denrnm
213 2340 243 2382 at
252 2340 326 2384 Annio
337 2339 425 2384 Milone
435 2340 459 2383 in
470 2342 586 2385 adulterio
596 2340 687 2395 scribit,
706 2347 730 2386 et
739 2341 795 2386 loni
804 2356 855 2386 cae·

92 2443 95 2448 ,
107 2409 163 2448 mon,
170 2395 311 2454 patientiaque
322 2400 380 2441 data
391 2397 512 2441 (liminum.

87 2473 281 2534 1.M.Varro‚in
290 2472 374 2519 literis
383 2477 458 2533 atque
465 2474 521 2522 vita
529 2472 577 2521 fide
584 2474 660 2521 homo
668 2474 750 2521 multa
760 2476 786 2522 et
795 2489 856 2535 gra-

51 2538 102 2597 vis,
113 2540 140 2586 in
150 2541 228 2596 libro,
238 2555 313 2599 quem
324 2540 469 2600 inscripsit:
488 2541 559 2599 Pina,
570 2549 616 2589 aut
627 2542 657 2588 dc
670 2542 747 2598 Pace,
757 2543 785 2588 C.
796 2543 856 2590 Sal-

52 2606 163 2653 lustium
174 2608 323 2667 scriptorem
336 2609 419 2656 seriae
430 2609 504 2656 illius
515 2611 542 2656 et
551 2623 658 2657 severae
669 2609 811 2667 orationis,
827 2610 855 2656 in

53 2674 128 2722 cuius
138 2674 248 2724 historia
256 2678 379 2725 notiones
390 2677 521 2727 censorias
533 2677 589 2726 fieri
598 2682 674 2740 atque
685 2678 804 2728 exerceri
815 2677 855 2724 ri-
