2067 3034
300 133 382 179 ΜΒ.
404 132 485 179 ΧΙΧ.
521 132 610 181 GAP.
637 135 678 182 1⁰.
841 132 894 188 489

83 264 209 302 museum
221 248 356 297 subantem
365 251 393 297 in
405 250 549 310 scimpodio
561 250 725 313 Graeciensi,
740 250 837 301 circum
844 267 894 302 un·

85 317 164 377 dique
174 318 325 364 sedentibus
335 318 438 376 multis,
458 316 637 365 doctrina'aut
647 332 742 377 genere
753 322 798 366 aut
809 322 894 368 tortu·
937 349 938 352 =

84 399 120 432 na
130 385 261 432 nobilibus
271 384 345 432 viris.
372 388 396 431 2.
413 385 577 432 Assistebaut
586 386 652 432 fabri
664 385 767 434 aedium
777 377 894 446 eo'mplu·

84 466 144 510 res,
164 451 265 502 balneis
281 452 358 499 novis
372 452 512 499 moliendis
526 452 650 510 adhibiti,
671 453 894 513 ostendebantque

87 519 203 578 depictas
218 519 246 566 in
260 520 444 566 membranulis
461 520 549 567 varias
563 519 664 579 speeies
673 521 834 569 balnearum.
868 524 894 570 3.

84 588 131 635 Ex
141 587 303 644 quibuscum
312 588 437 646 elegisset
445 600 523 633 unam
534 588 655 645 formam,
674 587 838 647 speciemque
847 601 894 635 ve-

85 654 138 701 ris:
157 654 339 716 interrogarit,
357 658 468 712 quantus
479 656 549 701 esset
559 655 685 713 pecuniae
696 659 850 713 conspectus
861 657 893 702 ad

85 721 115 769 id
133 722 216 769 totum
235 735 300 780 opus
320 721 520 769 absolvendum?
554 725 580 768 4.
604 723 717 780 Cumque
736 722 892 772 architectus

86 788 210 850 dixisset,
220 788 370 836 necessaria
380 789 464 835 videri
475 802 534 836 csse
544 789 667 835 sestertia
676 790 756 836 terme
766 791 892 850 trecenta,

86 869 154 904 unus
173 870 209 904 ex
223 856 313 903 amicis
328 856 484 903 Frontonis:
506 856 543 902 Et
557 857 778 915 praeterpropter,
798 857 892 918 inquit,

88 923 347 982 aliaquinquaginta.
382 927 407 971 5.
426 925 491 969 Tum
500 924 600 969 Fronto
618 923 706 969 dilatis
721 925 892 981 sermonibus,

88 990 893 1051 quoshaberedebalnearumsumtuinstituerat,aspiciensad

82 1072 147 1107 eum
165 1059 288 1118 amicum,
307 1059 351 1118 qui
366 1059 470 1107 dixerat
484 1058 670 1117 quinquaginta
684 1071 742 1105 esse
757 1057 812 1105 slis
826 1073 892 1118 opus

86 1128 311 1187 praeterpropter,
330 1127 457 1185 quidhoc
472 1125 546 1172 verbi
561 1128 645 1172 esset:
659 1132 892 1187 praeterpropter,

86 1194 270 1253 interrogavit.
299 1197 322 1240 t.
341 1196 425 1251 Atque
437 1194 484 1239 ille
495 1192 606 1239 amicus:
625 1194 686 1240 Non
694 1206 788 1248 meum,
798 1193 893 1256 inquit,

86 1262 137 1308 hoc
148 1264 253 1309 verbum
262 1263 311 1319 est,
321 1260 366 1306 sed
375 1262 515 1307 multorum
526 1259 667 1322 hominum,
677 1273 742 1317 quos
752 1260 893 1319 loquentes

86 1328 115 1374 id
124 1328 223 1374 audias.
259 1329 282 1372 ’1.
302 1325 371 1380 Quid
385 1328 508 1373 autemid
518 1330 625 1373 verbum
635 1327 775 1387 significet,
795 1341 848 1375 non
858 1342 893 1377 ex

86 1408 137 1455 me,
148 1395 193 1441 sed
203 1407 238 1441 ex
247 1392 414 1452 grammatico
425 1393 599 1451 quaerendum
609 1396 661 1451 est,
681 1408 711 1440 ac
721 1393 799 1441 simul
809 1395 891 1454 digito

87 1462 248 1507 demonstrat
257 1459 457 1519 grammaticum,
462 1459 532 1505 haud
541 1459 667 1506 incelebri
678 1460 784 1507 nomine
794 1462 891 1510 Romae

88 1529 232 1589 docentem,
243 1528 382 1574 sedentem.
413 1528 478 1573 Tum
488 1525 676 1587 grammaticus,
687 1527 777 1573 usitati
787 1531 893 1586 persul-

87 1594 190 1654 gatique
201 1595 274 1641 serbi
284 1594 441 1641 obscuritate
451 1597 550 1641 motus:
577 1596 601 1639 8.
621 1593 785 1655 Quaerimus,
799 1596 891 1656 inquit,

87 1662 156 1720 quod
169 1661 268 1707 honore
283 1662 443 1719 quaestionis
457 1661 562 1708 minime
577 1660 681 1721 dignum
699 1663 746 1709 est.
782 1666 806 1709 9.
825 1665 892 1710 Nam

86 1727 178 1775 nescio
194 1727 255 1786 quid
268 1728 317 1774 hoc
331 1728 472 1787 praenimis
481 1727 611 1788 plebeium
621 1731 674 1790 est,
693 1733 719 1776 et
732 1729 760 1775 in
771 1731 891 1789 opificum

86 1794 258 1856 sermonibus,
268 1808 343 1853 quam
351 1796 380 1842 in
389 1796 523 1843 hominum
530 1797 672 1851 doctorum,
682 1796 779 1843 notius.
806 1799 846 1843 1⁰.
856 1799 891 1843 At

86 1863 157 1912 enim
172 1863 286 1918 Fronto,
307 1863 358 1909 iam
371 1877 436 1911 voce
451 1868 526 1921 atque
542 1863 617 1909 vultu
634 1863 787 1911 intentiore:
806 1866 890 1920 ltane,

84 1932 183 1990 inquit,
199 1930 336 1991 magister,
356 1931 525 1979 dehonestum
543 1929 592 1977 tibi
609 1931 822 1988 deculpatumque
840 1930 890 1976 hoc

86 2001 193 2048 verbum
203 1998 319 2057 videtur,
337 2012 388 2057 quo
399 2002 425 2045 et
435 2001 471 2046 M.
482 2000 602 2057 Cato,‘et
611 2000 646 2043 Μ.
659 1998 752 2058 Varro,
766 2001 792 2044 et
803 1998 890 2056 plera·

85 2081 135 2127 que
149 2069 221 2114 aetas
235 2066 368 2126 superior,
387 2069 417 2114 ut
435 2064 584 2113 necessario
601 2067 626 2111 et
640 2064 734 2111 Latino
748 2064 792 2110 usi
810 2066 889 2122 sputi

86 2137 129 2183 11.
147 2136 232 2192 Atque
247 2134 285 2181 ibi
301 2134 384 2180 lulius
399 2134 518 2182 celsinus
539 2131 688 2187 admonuit,
707 2131 736 2178 iu
753 2132 890 2190 tragoedia

85 2215 187 2260 quoque
197 2202 230 2256 Q.
240 2201 329 2260 Ennii,
340 2215 405 2259 quae
415 2199 551 2260 iphigenia
560 2198 686 2258 inscripta
696 2200 743 2255 est,
758 2198 786 2244 id
796 2198 889 2257 ipsum,

86 2271 121 2328 dq
139 2283 189 2329 quo
208 2270 390 2329 quaerebatur,
410 2269 533 2327 scriptum
552 2279 625 2322 esse,
646 2268 672 2312 et
685 2280 701 2313 a
715 2265 889 2325 grammaticis

86 2336 259 2386 eosstaminari
272 2336 353 2395 magis
368 2336 487 2391 solitum,
505 2347 581 2393 quam
595 2334 720 2380 enarrari.
756 2334 796 2379 12.
816 2334 889 2387 Quo-

85 2404 155 2453 circa
165 2405 253 2451 ststim
263 2404 375 2462 proferri
386 2402 548 2461 iphigeniam
559 2402 591 2454 Q·
602 2400 684 2446 Ennii
695 2400 773 2446 iubet.
791 2402 822 2445 ln
832 2399 888 2446 eius

85 2472 237 2531 tragoediae
246 2472 325 2519 choro
335 2470 477 2528 inscriptos
487 2483 545 2516 esse
555 2468 602 2516 hos
613 2481 703 2516 sersus
712 2466 837 2527 legimus:

120 2539 178 2587 orso
189 2542 235 2601 qus'
242 2541 326 2586 nescit
333 2542 381 2598 uti,
390 2539 452 2598 plus
461 2538 560 2597 negotii

118 2607 217 2665 Habet,
228 2621 304 2668 quom
313 2621 368 2654 cum
379 2612 419 2653 est
427 2608 553 2667 negotium
563 2606 590 2651 s'n
600 2605 713 2665 negotio.

119 2672 187 2720 Nam
196 2677 245 2734 eut,
256 2677 325 2737 quod
331 2681 405 2737 agat,
415 2675 562 2723 institutum
572 2677 620 2733 est,
629 2672 701 2718 nullo
711 2671 812 2731 segem
