2067 3034
144 138 194 190 132
384 142 492 189 AUlal
529 140 686 186 GEtbtr

141 262 195 314 ret,
210 260 236 306 et
249 263 336 306 lacere
344 256 376 305 id
388 253 531 319 videretur,
550 274 583 306 ne
592 259 717 318 reliquum
729 259 854 306 mercedis
864 259 943 316 daret,

143 329 213 387 cepit
226 328 366 388 consilium
376 329 545 386 Protagoras,
565 331 595 374 ut
605 332 659 372 tum
672 327 853 383 existimabat,
874 334 944 374 astu-

140 398 203 441 tum.
239 397 263 439 8.
282 396 375 444 Petere
389 393 485 442 institit
498 407 532 440 ex
547 398 622 453 pacto
632 394 786 440 mercedem:
804 394 877 440 litem
888 409 944 440 cunr

141 461 255 508 Euathlo
267 464 434 508 contestatur.
470 464 494 506 9.
513 463 548 508 Et
562 476 618 507 cnm
629 463 661 508 ad
671 461 783 520 iudices,
803 461 944 508 coniicieu-

143 531 191 575 dae
201 529 432 585 consistendaeque
442 542 536 586 causae
545 528 642 589 gratia,
656 528 801 581 venissent,
814 532 869 574 tum
878 530 944 575 Pro·

141 600 245 655 tagoras
256 595 294 642 sic
304 608 414 643 exorsus
429 599 479 641 est:
501 597 590 653 Disce,
605 595 700 653 inquit,
715 595 869 642 stultissime
880 596 944 642 ado-

140 662 251 720 lescent,
260 664 370 722 utroque
384 657 410 709 id
420 663 499 709 modo
508 664 574 719 lore,
583 663 623 709 uti
633 663 734 722 reddas,
749 662 816 721 qnod
827 667 896 721 peto,
907 663 944 709 si·

142 743 174 775 re
188 733 278 777 contra
292 732 318 776 te
333 730 528 789 pronuntiatum
537 730 596 787 erit,
615 731 670 777 sire
680 744 727 788 pro
738 734 772 776 te.
808 732 848 776 lo.
867 732 942 790 Nam,

141 798 164 843 si
175 800 265 843 contre
275 800 300 844 te
315 798 350 844 lis
364 798 424 843 data
438 797 501 856 erit,
520 811 618 844 merces
631 797 694 844 mibi
708 811 743 844 ex
757 798 885 843 sententia
899 798 944 844 de·

140 865 257 923 bebitur,
274 865 336 924 quia
350 878 399 924 epo
414 865 513 912 vicero:
533 865 574 912 ain
585 878 646 911 vero
658 865 797 918 secundum
806 868 832 910 te
843 864 941 911 iudica-

139 935 193 977 tum
204 932 367 987 crit,merces
377 932 439 977 mihi
450 946 484 980 ex
494 936 570 991 pacto
582 933 723 985 debebitur,
729 932 790 990 quia
799 936 827 977 tu
838 932 940 978 viceris.

140 1001 181 1046 11.
199 999 238 1044 Ad
249 1012 280 1045 ca
290 1000 424 1063 respoudit
434 999 576 1046 Euathlus:
597 1000 688 1058 Potui,
704 1000 797 1057 inquit,
812 999 872 1045 liuic
882 1002 943 1045 tuae

138 1073 190 1112 tnm
201 1066 307 1125 ancipiti
318 1066 432 1124 captioni
443 1067 494 1118 isse
505 1067 619 1128 obviam,
641 1068 665 1113 si
680 1070 758 1114 verba
772 1080 825 1112 non
836 1066 891 1125 ipse
902 1068 943 1113 ia·

116 1163 120 1174 ·
140 1149 238 1193 cerem,
254 1137 329 1192 atquc
343 1133 397 1179 alio
412 1137 523 1191 patrono
532 1137 630 1182 uterer.
667 1137 708 1180 12.
727 1134 778 1182 Sed
786 1135 869 1180 maius
878 1134 941 1180 mibi

141 1202 168 1247 iu
178 1201 229 1247 ists
238 1201 351 1247 victoria
361 1200 509 1259 prolubium
518 1204 571 1261 est,
592 1216 649 1249 cum
660 1204 686 1248 te
697 1215 750 1247 non
759 1202 786 1247 in
796 1214 873 1247 causa
883 1204 942 1247 tan-

139 1270 206 1326 tum,
226 1268 270 1313 sed
290 1268 318 1313 in
336 1270 486 1325 argumento
500 1282 601 1328 quoque
615 1269 665 1315 isto
680 1269 766 1315 vinco.
801 1270 843 1328 13.
864 1269 942 1316 Disce

139 1334 220 1393 igitur
230 1338 258 1380 tu
268 1348 379 1394 qnoque,
393 1335 516 1393 magister
526 1335 728 1395 sapientissime,
742 1338 851 1393 utroque
864 1336 942 1382 modo

139 1402 203 1449 leri.
222 1401 262 1448 uti
275 1415 328 1448 non
341 1401 454 1461 reddam,
475 1403 544 1460 quod
557 1404 638 1462 petis:
658 1403 714 1450 sive
729 1407 819 1449 contra
830 1416 871 1448 me
881 1417 944 1461 pro-

49 1467 55 1482 *
140 1469 286 1516 nuntiatum
297 1468 385 1532 luerit,
395 1469 451 1516 sire
462 1484 507 1528 pro
518 1485 567 1517 me.
607 1474 645 1518 14.
664 1473 737 1529 Nam,
753 1469 776 1516 si
787 1469 884 1530 iudices
895 1484 942 1529 pro

141 1549 219 1583 cuuaa
233 1549 290 1582 mea
303 1537 441 1594 senserint,
460 1537 528 1583 nibil
543 1538 591 1584 tibi
607 1552 641 1588 en
654 1539 784 1590 sententia
793 1538 942 1584 debebitur:

139 1603 200 1661 quia
214 1616 262 1661 ego
277 1603 375 1650 vicero.
411 1604 457 1651 Sin
469 1609 559 1651 contra
572 1620 612 1651 me
623 1604 859 1663 pronuntiaverint.
874 1605 942 1649 nibil

139 1670 186 1716 tibi
196 1684 230 1718 ex
240 1674 315 1729 pacto
326 1671 430 1726 debebo,
441 1671 502 1729 quia
512 1686 561 1729 ego
570 1686 622 1718 non
633 1673 730 1718 vicero.
768 1676 807 1718 15.
826 1673 889 1717 Tum
901 1672 943 1717 iu-

140 1739 210 1784 dices
221 1737 356 1785 dubiosum
365 1738 413 1786 boc
424 1738 733 1799 inexplicabilequeesse,
744 1741 810 1797 quod
820 1739 943 1797 utrinque

139 1806 281 1861 dicebatur,
295 1805 355 1866 rati,
365 1820 397 1851 nc
409 1807 537 1852 sententia
546 1819 601 1865 sua,
611 1810 794 1864 utramcunque
806 1805 832 1851 in
844 1810 944 1865 partem

140 1872 208 1919 dicta
218 1875 299 1932 esset,
316 1871 374 1931 ipsa
382 1886 439 1920 sese
449 1873 619 1930 rescinderet,
634 1888 689 1919 rem
698 1873 864 1919 iniudicatam
877 1873 943 1919 reli-

139 1944 265 2000 querunt,
281 1953 434 1997 causamque
452 1941 479 1986 iu
499 1942 566 1986 diem
579 1941 760 2000 longissimam
775 1940 943 1987 distulerunt.

141 2009 180 2052 iti.
192 2008 234 2053 Sic
245 2008 275 2054 ab
287 2007 454 2055 adolescente
463 2008 592 2065 discipulo
603 2008 726 2067 magister
736 2008 875 2067 disciplina
885 2008 944 2053 elo-

139 2075 260 2129 ‹pucutiae
275 2073 388 2133 inclytus
402 2088 450 2121 suo
464 2075 514 2121 sibi
530 2079 680 2134 argumento
691 2076 838 2122 confutatus
848 2078 900 2135 est,
916 2077 952 2121 ct¹

139 2141 267 2199 captionis
277 2144 381 2190 versute
391 2143 554 2201 excogitatae
565 2145 704 2190 frustratus
713 2142 770 2189 init.

402 2257 587 2315 cAPu'r
623 2263 676 2314 Xl.

165 2342 305 2448 Bzazrztgoge
322 2360 347 2390 rs
364 2347 449 2391 uxorin
466 2347 624 2404 syllogismum
642 2360 688 2389 non
704 2360 772 2404 posse
790 2346 862 2391 etum
879 2340 943 2385 ὄντι·

231 2414 239 2436 ὃ
297 2414 318 2438 αι

174 2469 197 2512 1.
215 2467 386 2515 Existimavit
400 2471 516 2529 quidam,
536 2471 612 2518 etiam
628 2470 697 2518 illud
711 2470 819 2532 Biantis,
838 2471 889 2517 viri
899 2482 944 2517 aa·

136 2532 233 2593 pientia
244 2547 274 2580 ac
283 2535 394 2593 nobilis,
413 2551 565 2597 responsum
576 2539 710 2586 consimile
720 2553 790 2595 esse,
809 2542 887 2597 atquc
901 2541 944 2583 est

137 2601 311 2658 Protagorion
321 2602 396 2664 illud,
416 2606 448 2651 de
459 2619 509 2663 quo
520 2606 577 2653 dixi
587 2606 675 2662 modo,
688 2607 878 2665 antistrepbou.
914 2607 942 2651 2.

137 2669 203 2716 Nam
217 2682 273 2714 cum
287 2673 394 2728 rogatus
408 2676 501 2719 esseta
512 2673 622 2731 quodam
631 2675 705 2737 Bias,
725 2675 861 2722 deberetne
871 2684 944 2719 uxo·
1004 2731 1007 2740 ,
