2067 3034
282 122 369 171 Litt-
383 120 460 176 ΚΣ,
484 120 618 170 com-1.
802 117 855 180 §45

47 241 170 289 Graecos
183 253 236 287 aaa
251 245 344 288 tostas
360 240 483 287 inscissus
496 252 617 300 arcesso,
635 240 682 300 qus·
693 249 725 285 ou
734 252 769 286 es·
779 250 794 283 o
803 244 855 286 eto

44 310 219 368 scripserunt,
234 312 362 368 quantae,
378 309 426 367 qui
433 320 456 351 ει
465 319 501 353 ee·
510 319 522 353 ε
532 311 595 367 ats,·
611 306 680 356 illud
692 306 757 355 enim
766 306 856 365 iuopia

38 376 182 440 fecerum
198 373 494 423 kocaullarssubacts'.

273 562 620 591 *-

163 691 344 784 moun
389 714 741 783 monemus.

326 869 516 925 CAPUT
552 823 574 925 l.
609 829 612 832 Ι

47 1005 52 1012 .
75 971 222 1027 Disceptatio
239 969 293 1020 Sec.
308 972 402 1018 <lucilii
412 972 571 1026 insecundo,
589 979 614 1018 et
625 968 740 1017 Fauorini
747 942 852 1027 phitom-J

100 1029 148 1086 pot
156 1032 182 1072 de
192 1028 277 1085 legions
287 1028 404 1074 duodecim
414 1031 553 1074 tabularum.
631 1042 633 1046 ·

45 1082 159 1170 Sextus
170 1123 312 1183 Caecilius,
332 1124 360 1171 iu
371 1123 511 1183 disciplina
520 1122 600 1182 iuris,
619 1124 697 1181 atquc
711 1119 739 1168 in
750 1119 852 1179 legibus

43 1190 139 1250 populi
152 1190 262 1238 Romani
286 1192 424 1238 noscendis
447 1191 714 1250 interpretandisque,
734 1187 851 1242 scientis,

43 1269 112 1314 usu,
131 1258 337 1316 auctoritateque
357 1259 456 1305 illustri
470 1260 531 1305 luit.
563 1261 590 1305 2.
607 1259 648 1305 Ad
661 1271 719 1304 eum
737 1258 805 1303 lorte
825 1253 852 1302 iu

45 1334 110 1371 arec
119 1322 251 1380 Palatina,
270 1338 328 1370 cusu
340 1324 523 1372 salutationem
533 1325 652 1372 caeseris
664 1323 853 1382 opperiremur,

45 1388 218 1449 philosophus
228 1391 375 1437 Favorinus
385 1392 508 1449 accessit,
525 1393 720 1448 collocaturque
731 1391 784 1446 est,
803 1401 853 1433 no·

45 1456 89 1503 bis
99 1456 238 1514 multisque
249 1457 311 1503 aliis
320 1458 507 1516 praesentibus.
542 1461 566 1506 3.
583 1459 614 1503 ln
625 1458 680 1504 illis
691 1461 751 1503 tunc
762 1468 852 1508 eorum

46 1523 211 1570 sermonibus
222 1527 280 1571 orta
290 1524 388 1571 mentio
398 1527 438 1573 est
451 1525 539 1584 legum
549 1523 778 1582 Decemviralium,
790 1534 852 1579 quas
888 1537 890 1544 ‘

45 1590 196 1637 Decemviri
206 1590 263 1637 eius
271 1591 311 1638 rei
319 1592 405 1651 gratis
414 1605 430 1638 a
439 1594 537 1652 populo
551 1591 632 1638 creati
645 1594 852 1649 composuerunt,

46 1655 126 1714 inque
141 1657 276 1705 duodecim
292 1660 395 1706 tabulas
415 1661 633 1719 conscripserunt.
668 1661 693 1705 4.
711 1658 764 1704 Eas
779 1657 851 1714 leges

46 1736 105 1769 cnm
114 1724 178 1772 Sex.
194 1725 339 1783 Caecilius,
358 1726 492 1785 inquisitis
509 1727 704 1785 exploratisque
713 1725 852 1772 multarum

45 1790 150 1838 urbium
161 1792 272 1852 legibus,
281 1793 395 1852 eleganti
405 1797 481 1853 atque
491 1794 612 1841 absoluta
621 1793 748 1840 brevitate
757 1793 852 1836 verbo-

44 1870 106 1904 rum
119 1858 229 1918 scriptas
248 1859 358 1907 diceret:
378 1859 431 1920 sit,
450 1860 549 1919 inquit,
569 1860 632 1916 hoc,
646 1858 805 1913 Fauorinus,
825 1856 852 1902 iu

46 1924 171 1984 pleraque
191 1938 279 1973 aarum
298 1928 385 1987 legum
402 1931 491 1988 parte,
510 1929 548 1974 ita
561 1926 602 1974 uti
616 1926 694 1985 dicis3
716 1937 770 1971 uon
783 1922 852 1972 enirn

44 1991 130 2040 minus
150 1993 242 2051 cupide
259 1995 363 2042 tubulas
385 1994 450 2042 istas
466 1996 603 2043 duodecim
612 1993 679 2054 legi,
700 2005 776 2050 quarn
788 1990 852 2038 illos

48 2059 138 2106 decern
152 2060 235 2106 libros
249 2060 368 2108 Plutonis
382 2063 422 2110 De
434 2063 556 2122 Legibus.
591 2061 644 2108 Sed
653 2060 777 2117 quaedum
790 2056 852 2104 istic
935 2063 938 2070 '

47 2137 106 2173 esse
125 2125 364 2175 animadvertuntur
379 2132 424 2176 aut
439 2128 637 2186 obscurissima,
656 2130 701 2173 aut
714 2127 788 2183 dura3
807 2129 853 2172 aut

45 2192 116 2240 levis
136 2196 228 2241 contra
246 2194 323 2241 nimis
342 2199 369 2242 et
381 2197 503 2255 remissa3
523 2199 569 2242 aut
580 2207 740 2253 nequaquam
754 2192 803 2253 ltu,
822 2194 852 2240 ut

46 2260 227 2321 scriptumest,
238 2262 427 2311 consistentia*
453 2268 477 2311 t.
496 2263 682 2317 Obscuritates,
693 2260 778 2318 inquit
788 2261 850 2306 Sex.

47 2326 190 2383 Caecilius,
211 2341 265 2375 uon
275 2329 435 2388 assignemus
450 2330 542 2389 cnlpae
551 2329 737 2392 scribentium,
755 2327 800 2374 sed
810 2326 851 2372 in·

46 2393 171 2442 scientiae
181 2408 235 2442 nou
247 2398 448 2455 assequentium.
484 2395 665 2456 Quanquamii
676 2405 777 2454 quoque
791 2392 851 2452 ipsi,

46 2461 99 2520 qul,
109 2473 174 2521 quae
184 2462 282 2521 scripta
291 2467 362 2523 sunt,
376 2465 461 2512 minus
478 2464 637 2524 percipiunt,
658 2462 735 2522 culpa
747 2462 849 2508 vacant.

46 2528 71 2573 t.
81 2528 144 2575 Nam
154 2530 233 2590 longa
242 2534 315 2578 aetas
327 2535 407 2580 verbs
421 2536 497 2590 atque
512 2545 599 2579 mores
614 2533 714 2577 veteres
725 2528 850 2577 oblitera-

45 2593 97 2650 vit,
116 2596 207 2654 qulbus
222 2598 309 2645 verbis
319 2599 484 2658 moribusque
494 2598 625 2646 sententia
634 2598 720 2657 legum
733 2608 850 2654 compre·

45 2660 128 2712 Musa
145 2664 209 2711 est·
234 2664 429 2715 Trecentesimo
448 2680 558 2728 uanique
576 2679 645 2720 auno
664 2665 850 2726 pusillorum
