2067 3034
138 140 190 194 266
388 142 498 190 uum
532 141 692 190 ouans!

168 260 297 317 Puncta,
306 260 390 306 stultu
400 264 489 305 smne
498 260 620 320 antiqua,
630 258 737 318 sepulta
746 265 864 307 ansatas

171 332 246 389 Quae
251 329 335 390 facit,
346 332 623 386 etmoresvstcresqae
631 340 760 386 meosque
770 333 915 387 teneam

169 397 316 446 Multarum
325 401 440 441 veterum
449 393 541 453 lem,
552 393 696 453 iliumque
705 392 883 454 hominumque

170 463 326 509 studentem
331 475 344 521 ,⁰
363 463 409 522 qai
416 460 500 506 stultu
511 461 613 519 loquive
623 466 744 506 tacereve
749 469 848 524 posset,

170 531 249 578 Hane
257 531 328 575 inter
333 539 438 587 pugnas
449 528 592 585 conpellat
602 527 731 574 Servilius
740 531 787 574 asc.

138 601 164 645 5.
180 598 211 643 1,.
221 596 325 643 Aelium
334 594 465 641 Stilbueur
480 593 568 639 dicere
580 594 686 640 solitum
696 597 796 653 lerunt,
815 595 847 648 Q.
858 593 945 640 Enni-

138 679 182 711 um
190 665 223 710 de
233 661 371 720 semetipso
381 661 445 706 haec
454 660 606 719 scripsisse5
615 662 792 721 picturamque
801 661 877 708 istam
887 675 945 708 mo-

137 744 194 780 rum
204 734 230 778 et
239 728 339 789 ingenii
348 727 431 788 ipsius
442 728 475 783 Q.
485 727 567 773 Ennii
577 730 672 775 iseum
681 741 747 775 esse.

165 936 244 985 Samo
258 934 333 979 Tauri
336 936 474 992 philosophi
484 941 511 981 de
518 942 587 981 morlo
597 945 666 996 atquc
675 938 765 984 ratione
775 935 893 982 colamus
901 938 943 980 do·

194 993 250 1039 loris
259 995 379 1036 sumebam
387 990 521 1037 satem
532 998 629 1037 decreta

173 1071 198 1118 l.
213 1071 276 1115 cum
285 1068 400 1129 Delphos
409 1070 443 1116 ad
452 1070 545 1129 Pythia
555 1072 759 1127 conventumque
768 1070 850 1117 totius
861 1070 943 1116 terme

139 1136 264 1185 Graeciae
274 1135 410 1183 visendum
423 1136 595 1195 philosophus
606 1138 707 1184 Taurus
721 1137 785 1195 iret,
802 1151 903 1194 nosque
917 1136 943 1183 ei

138 1203 245 1252 comites
255 1216 376 1260 essemus,
391 1203 468 1262 inque
478 1218 510 1250 eo
520 1203 615 1249 itinere
625 1203 762 1250 Lebadiam
771 1203 943 1266 venissemus,

138 1270 207 1331 quod
220 1271 261 1316 est
274 1269 396 1328 oppidum
410 1270 545 1329 antiquum
562 1270 589 1315 iu
606 1272 677 1316 terra
691 1270 813 1317 Boeotia:
834 1271 944 1318 affertur

138 1338 176 1385 ibi
185 1337 218 1384 nd
227 1338 348 1393 Taurum,
358 1336 467 1383 amicum
477 1338 534 1384 eius
547 1337 700 1395 quempiam,
711 1337 822 1383 nobilem
833 1338 861 1383 in
868 1338 943 1384 Stoi·

139 1418 169 1452 ca
179 1403 318 1463 disciplina
325 1404 521 1466 philosophum,
535 1417 613 1463 aegra
623 1403 770 1450 valetudine
782 1416 942 1465 oppressum,

140 1472 300 1519 decumbere.
334 1474 358 1518 2.
378 1472 451 1518 'l'unc
461 1472 558 1518 omisso
568 1470 672 1530 itinere,
682 1472 751 1529 quod
760 1470 877 1530 alioquin
887 1486 943 1518 ma-

138 1537 277 1584 turandum
285 1539 349 1599 crat,
366 1539 392 1584 et
400 1538 501 1585 relictis
511 1538 654 1595 vehiculis,
669 1539 754 1597 pergit
764 1553 821 1584 eum
831 1553 942 1599 propere

138 1604 239 1662 videre3
257 1617 355 1663 nosque
365 1603 396 1650 de
406 1619 487 1664 more,
502 1619 576 1663 quem
587 1605 710 1651 inlocum
719 1619 818 1663 cunque
829 1605 887 1663 iret,
899 1621 943 1653 se-

109 1685 116 1704 ·
139 1670 194 1719 cuti
204 1684 299 1717 sumus.
335 1672 370 1717 Et
378 1671 423 1717 ubi
433 1672 466 1718 ad
475 1672 560 1728 aedes,
579 1672 606 1718 in
617 1671 673 1729 quis
684 1672 731 1718 ille
741 1676 863 1730 aegrotus
874 1678 943 1735 erat,

140 1737 317 1797 pervenimus,
333 1737 465 1796 videmus,
481 1738 614 1798 <hominem
626 1738 944 1786 doloribuscruciatibus.

139 1819 189 1864 que
199 1805 265 1864 alvi,
282 1806 351 1864 quod
361 1805 455 1852 Graeci
464 1802 547 1850 κῶλον
557 1805 658 1863 dicunt,
672 1808 698 1852 et
708 1805 774 1852 febri
784 1807 861 1853 simul
870 1809 944 1866 rapi-

140 1873 173 1921 da
185 1872 317 1931 afflictari;
346 1871 507 1932 gemitusque
524 1886 560 1920 ex
573 1887 604 1919 eo
620 1886 779 1931 compressos
794 1888 943 1937 erumpere,

138 1939 297 1999 spiritusque
308 1941 334 1986 et
343 1940 471 1986 anhelitus
482 1955 496 1987 e
505 1942 611 1999 pectore
620 1940 677 1986 eius
687 1940 811 1998 evadere,
830 1955 884 1987 non
895 1943 944 1989 do-

136 2008 222 2054 lorem
235 2007 316 2067 magis
331 2006 492 2068 iudicantes,
506 2021 587 2064 *quam
600 2020 711 2065 pugnam
725 2008 849 2054 adversus
866 2009 944 2056 dolo·

138 2087 203 2121 rem.
239 2075 263 2119 3.
281 2074 344 2121 Post
359 2073 451 2121 deinde
467 2089 524 2121 cum
533 2075 634 2120 Tauros
648 2077 674 2120 et
687 2074 800 2121 medicos
814 2076 943 2122 accersis·

139 2146 192 2201 set,
218 2142 414 2202 collocutusque
434 2141 465 2187 de
485 2141 604 2187 iacienda
621 2141 723 2187 medela
739 2144 819 2201 esset,
838 2145 864 2188 et
883 2157 945 2189 eum

139 2208 224 2266 ipsum
233 2208 266 2254 ad
275 2208 433 2255 retinendam
442 2208 594 2267 patientiam
608 2208 759 2254 testimonio
774 2209 944 2265 tolerantiae,

139 2285 215 2333 quam
224 2275 340 2335 videbat,
359 2275 488 2334 perhibita
500 2275 652 2333 stabilisset,
670 2275 818 2334 egressique
833 2276 894 2323 inde
909 2278 945 2324 ad

139 2339 261 2388 vehicula
269 2344 296 2388 et
306 2343 338 2388 ad
349 2342 455 2388 comites
464 2328 620 2388 rediremus:
638 2342 757 2400 Vidistis,
773 2343 857 2400 inquit
872 2346 945 2390 Tau-

141 2418 196 2464 rus,
206 2419 258 2452 non
269 2421 330 2454 sane
340 2409 477 2454 iucundum
488 2409 673 2467 spectaculum,
684 2408 729 2455 sed
739 2411 845 2468 cognitu
856 2414 947 2457 tamen

142 2471 220 2531 utile,
240 2475 437 2532 congredientes
454 2480 706 2534 compugnantesque
721 2477 905 2535 philosophum
919 2481 948 2525 et

143 2538 267 2584 dolorem.
301 2540 424 2587 Faciebat
438 2542 477 2586 vis
492 2542 542 2587 illa
555 2544 582 2588 et
594 2545 687 2589 natura
695 2543 791 2601 morbi,
810 2545 949 2602 quoderat

143 2617 229 2660 suum,
246 2604 439 2652 distractionem
457 2609 646 2666 cruciatumque
657 2611 840 2672 membrorum
862 2612 948 2658 tacie-

142 2672 187 2717 but
197 2670 287 2718 contra
301 2672 370 2720 ratio
381 2677 407 2718 et
416 2678 509 2721 natura
518 2675 611 2737 animi,
625 2676 694 2734 quod
703 2682 759 2727 erat
768 2693 848 2739 aeque
858 2692 948 2730 suum:
