2067 3034
160 143 213 196 41⁰
417 144 525 192 nubi
552 142 714 191 GELLH

161 265 218 310 luta
227 261 313 308 autem
322 262 547 310 transmittebatur
555 262 589 308 sd
599 274 666 319 cum,
676 260 721 319 qui
732 260 830 308 sortito
842 275 976 313 successe-

161 332 216 387 rat,
237 329 314 387 idque
329 331 358 377 in
373 332 460 378 orbem
472 329 532 376 viee
543 328 601 388 pari
612 330 774 376 servabatur.
810 334 838 376 5.
858 331 891 377 Si
901 346 975 379 nemo

163 397 324 446 dissolvebat
333 396 494 456 quaestionis
504 395 562 443 eius
572 397 681 457 nodum,
696 396 844 454 praemium
854 398 946 456 ipsum
953 402 977 447 et
1012 409 1013 428 ¹

165 467 336 524 eorumden,
352 465 425 512 cuius
437 464 463 510 id
474 465 647 522 testnmerat,
663 464 806 512 dicabatur.
843 468 870 511 t.
891 468 975 521 Quae-

162 537 286 584 rebantur
302 536 387 580 autem
403 545 446 579 res
460 531 651 580 huiuscemodi:
671 534 718 579 aut
732 533 866 580 sententia
882 538 975 592 poitne

163 602 261 649 veteris
275 601 363 659 lepide
379 602 491 648 obscura
506 612 561 646 non
575 599 671 659 auxie,
690 600 734 646 aut
751 599 888 648 historiae
911 602 974 649 anti-

164 670 266 728 quioris
275 667 424 730 requisitio,
442 669 487 714 aut
496 666 595 714 decreti
605 667 749 725 cuiuspiam
760 681 796 715 ex
805 669 974 728 pbilosophis

163 749 299 797 perperam
314 733 443 794 invulgati
458 733 593 794 purgati03
613 736 657 781 aut
666 734 797 792 captionis
811 735 974 794 sophisticae

165 804 272 862 solutio,
282 807 328 850 aut
338 801 438 862 opinati
448 800 609 859 rariorisque
618 800 691 848 verbi
701 802 847 863 indagatio,
854 806 905 849 aut
915 807 973 851 ten-

165 886 213 932 pus
228 872 288 918 item
304 872 330 917 in
342 872 420 917 verbo
429 869 571 930 perspicuo
582 868 803 920 obscurissimum.
840 872 867 916 7.
889 872 973 931 ltaque

163 953 246 1000 nuper
256 939 373 997 quaesita
382 951 439 1000 esse
449 936 557 983 memini
565 949 672 983 numero
683 939 789 997 septem,
797 951 915 996 quorum
925 940 973 999 pri-

163 1021 205 1054 ma
215 1006 408 1068 turrenorum
417 1006 510 1051 borum
521 1017 651 1060 versuum,
662 1002 706 1062 qui
714 1007 777 1050 sunt
787 1004 815 1051 in
826 1006 936 1065 Satyris
946 1009 972 1060 Q.

164 1075 244 1121 Ennii
255 1088 306 1121 uno
317 1072 487 1120 multifariam
496 1073 576 1119 verbo
588 1071 752 1119 concinniter
759 1072 905 1132 implicati:
915 1088 973 1134 qno·

164 1156 222 1189 rum
232 1142 378 1199 exemplum
387 1141 437 1187 hoo
447 1143 499 1187 est:

196 1211 322 1270 Numqui
331 1208 414 1267 lepide
421 1208 543 1266 postulat
553 1207 822 1269 ulterusnfrustrari‚

198 1279 279 1336 Quem
281 1276 446 1339 frustratur,
450 1275 566 1337 frustm
575 1289 632 1321 eum
643 1276 705 1321 dicit
714 1276 902 1336 essesrustra.

197 1346 267 1392 Num
278 1345 324 1406 qui
331 1356 387 1390 sese
391 1342 536 1405 frustrari
544 1357 617 1404 quem
619 1343 733 1406 frustra
743 1346 831 1400 sentit,

199 1414 253 1471 Qui
254 1412 423 1475 frustratur,
439 1411 582 1473 issrustra
592 1418 639 1470 est,
651 1413 681 1458 si
690 1425 740 1456 non
749 1411 795 1456 iiie
805 1412 971 1473 estfrustro.

166 1485 190 1528 8.
202 1480 322 1528 Secunda
332 1477 451 1537 quaestio
462 1479 522 1540 tuit,
533 1477 730 1536 quonammodo
742 1478 827 1524 audiri
841 1483 922 1537 atque
932 1494 972 1526 ac·

167 1547 220 1606 oipi
231 1548 347 1604 deberet,
367 1547 435 1605 quod
445 1546 521 1593 Plato
533 1545 684 1606 incivitate,
704 1560 778 1603 quam
792 1546 819 1591 iu
830 1547 912 1594 libris
923 1548 971 1593 suis

166 1615 294 1677 condidit,
314 1608 402 1668 κοινὰς
415 1607 462 1667 τὰς
477 1616 610 1678 γυναῖκας,
630 1608 669 1676 [id
679 1615 731 1667 est,
750 1627 904 1660 communes
920 1628 972 1662 esse

164 1677 300 1746 mulieres]
317 1683 430 1740 censuit3
449 1684 475 1729 et
487 1681 602 1741 praemia
615 1680 681 1728 viris
692 1680 804 1727 fortibus
815 1683 972 1740 eunomiique

165 1749 338 1800 bellatoribus
352 1750 439 1809 posuit
452 1749 610 1796 saviationes
622 1761 762 1809 puerorum
773 1751 799 1796 et
809 1750 973 1808 puellarumi

165 1822 190 1865 9.
202 1817 290 1865 Tertio
301 1818 328 1863 in
338 1817 398 1864 loco
407 1818 455 1863 boc
466 1816 607 1873 quaesitum
618 1820 668 1863 est:
689 1816 820 1875 inquibus
832 1818 924 1864 vertis
934 1830 973 1863 ca-

165 1885 283 1946 ptionum
298 1886 406 1930 istarum
421 1884 491 1930 fraus
506 1885 587 1941 esset,
607 1886 633 1929 et
645 1897 694 1940 quo
705 1887 781 1943 pacto
792 1884 926 1944 distingui
936 1897 973 1930 re-

165 1952 284 2010 solvique
294 1951 417 2009 possenti
441 1951 517 2008 and
526 1965 576 1997 non
585 1952 740 2014 perdidisti,
755 1953 855 1999 habes.-
872 1965 974 1998 corsua

163 2019 214 2069 nois
222 2019 375 2079 perdidisti:
393 2016 472 2064 dates
481 2018 563 2086 igitur
572 2031 681 2066 cornua.
701 2021 767 2065 ltem
777 2021 863 2066 altera
873 2019 974 2079 onptio:

165 2088 241 2148 Quod
250 2102 295 2148 ego
305 2099 374 2145 sum,
390 2085 418 2130 id
427 2090 455 2129 tu
463 2098 513 2130 non
524 2097 565 2130 cs:
584 2084 658 2132 homo
668 2100 713 2146 ego
723 2101 786 2145 sum,
802 2087 880 2135 homo
891 2091 975 2150 igitar

164 2165 193 2204 iu
204 2170 253 2202 nors
263 2169 298 2203 cs.
335 2156 375 2201 lo.
394 2150 546 2208 Quaesitum
557 2150 584 2197 id
594 2166 696 2211 quoque
707 2153 744 2200 ibi
753 2157 806 2210 est,
822 2168 892 2212 quae
904 2157 975 2203 esset

162 2223 240 2270 huius
257 2235 359 2282 quoque
375 2219 541 2279 sophismatis
556 2221 702 2267 resolutio:
722 2224 785 2268 Cum
799 2225 930 2281 mentior,
951 2227 976 2268 ei

162 2293 269 2336 mentiri
282 2304 320 2336 nse
335 2290 406 2348 dico,
421 2291 539 2344 mentior,
560 2301 596 2333 nn
608 2302 697 2335 verum
707 2285 781 2336 dico?
817 2290 858 2335 11.
876 2291 975 2337 Postea

163 2356 281 2413 quaestio
297 2356 348 2403 ista
361 2354 425 2401 haee
439 2356 503 2403 fuit:
524 2356 610 2414 Quam
626 2358 657 2403 ob
667 2371 776 2405 causam
783 2359 904 2415 patricii
917 2358 975 2406 Me·

162 2424 311 2483 galensibus
325 2424 450 2469 mutitare
460 2425 534 2470 soliti
541 2425 606 2486 sciit,
618 2425 708 2484 plebes
720 2421 897 2471 Cerealibus?
935 2425 976 2471 12.

166 2488 311 2533 Secundum
324 2503 354 2535 ea
370 2490 514 2545 quaesitum
527 2490 578 2536 boo
594 2496 644 2537 est:
662 2495 884 2547 verbumcerant,
905 2490 976 2549 quod

165 2553 293 2610 significat
303 2569 368 2600 vera
381 2556 476 2616 dicunt,
497 2557 615 2615 quisnam
623 2561 737 2605 veterum
748 2560 887 2617 poitarum
899 2558 975 2606 dixe-

164 2619 216 2664 riti
253 2620 291 2664 la.
311 2620 393 2665 Sexta
411 2624 529 2677 quaestio
550 2625 615 2683 ruit,
634 2626 803 2685 asphodelum
824 2622 974 2672 cuiusmodi

164 2683 244 2730 herba
253 2683 297 2741 sit,
307 2686 376 2743 quod
385 2685 513 2736 Hesiodus
525 2690 553 2736 in
563 2690 615 2737 isto
625 2705 703 2739 versu
713 2691 847 2751 posuerit:
