2067 3034
307 135 388 182 ΗΒ.
407 134 460 181 111.
495 133 584 182 cAP.
607 138 644 183 16.
852 134 884 185 91

83 256 213 299 Ιιιιιιιιιιιι
224 252 371 314 scripserit,
390 252 537 312 Neptunum
551 252 651 300 dixisse
663 254 764 312 puellae
779 267 832 300 ase
843 269 882 302 rc-

80 335 141 366 ecus
155 332 330 379 compressae:

112 385 206 449 Χαῖρε,
216 380 289 464 possi,
300 377 432 449 φιλότητι·
450 383 638 449 περιπλομένου
647 378 675 432 d'
693 383 809 433 Ινιαυτοῦ

116 445 296 528 Τιῒιις,ἰιγλαιὶ
307 445 386 511 τέκν’,
398 449 451 499 ἐπεὶ
461 447 506 499 οὒκ
517 446 661 517 ἀποφώλιοι
673 448 742 499 εὐναὶ

106 509 270 565 Mactatur.

81 590 119 635 16.
137 588 168 633 ld
181 601 238 633 cum
254 597 302 644 ego
316 586 349 632 ad
368 586 511 644 complures
532 586 711 645 grammaticos
726 588 881 646 attulissem,

78 655 174 714 partim
184 668 274 701 eorum
284 653 458 712 disputabunt,
470 655 577 700 Homeri
586 668 687 714 qnoque
696 657 791 716 aetate,
802 654 881 702 sicuti

79 722 197 775 Romuli,
216 734 310 768 anunm
326 721 407 767 luisse
418 734 470 766 uon
479 721 614 768 duodecim
624 722 761 778 mensium,
780 722 825 771 sed
836 723 881 769 de-

78 802 144 836 cem:
166 789 214 834 alii
233 788 385 835 convenisse
400 789 520 846 Neptuno
539 789 720 846 maiestatique
736 789 792 835 eins
809 790 880 836 dics·
909 835 915 844 ,

78 858 147 912 bant,
163 859 192 901 ut
202 854 321 914 longiore
331 858 447 913 tempore
458 856 527 901 letus
536 868 570 900 ex
582 870 613 902 co
624 858 817 915 grandesceret:
831 857 879 903 alii

76 922 261 980 aliaquaedam
271 921 385 980 nugulis.
421 923 461 967 11.
480 921 532 967 Sed
541 921 687 969 Favorinus
700 922 762 968 milii
773 924 818 981 uit,
833 937 878 968 πε.

75 989 232 1053 ριιιλομέιοιι
241 986 359 1034 Ilioneo&
369 1002 422 1035 non
432 989 549 1050 confecto
560 1001 617 1035 ease
628 1004 704 1051 anno,
715 990 761 1035 sed
771 991 877 1052 affeetu,

76 1060 114 1104 18.
133 1058 165 1103 ln
174 1070 225 1114 qna
234 1071 261 1103 re
274 1060 386 1118 ususest
399 1058 478 1104 verbo
491 1070 545 1102 uon
561 1057 693 1116 vulgariae
709 1055 879 1114 significatio·

75 1119 124 1171 ιιίι.
163 1126 203 1170 lo.
221 1122 326 1185 Affectus
336 1123 412 1183 enim,
423 1123 502 1169 sicuti
510 1124 546 1169 Μ.
558 1124 649 1170 cicero
660 1126 687 1170 et
696 1128 813 1170 veterum
823 1124 878 1171 ele·

74 1190 220 1251 pientissimi
232 1191 313 1237 locuti
323 1194 394 1249 sunt,
411 1203 441 1237 ea
453 1191 558 1249 proprie
569 1190 733 1251 dicebantur,
749 1202 814 1247 qnae
823 1204 878 1239 non

75 1257 106 1306 ud
116 1259 301 1317 idemipsum,
316 1258 360 1304 aed
371 1257 488 1315 proxime
502 1258 579 1303 finem
590 1271 728 1317 progressa
737 1258 878 1306 deductave

74 1329 156 1374 erant.
173 1327 230 1372 Hoc
240 1326 345 1371 verbum
355 1324 387 1370 ud
395 1324 461 1370 hunc
470 1325 626 1371 sententiam
635 1324 662 1370 in
673 1325 808 1371 ciceronis
818 1339 879 1372 ora·
908 1350 911 1354 ·

74 1394 145 1440 tione
161 1393 225 1449 tuit,
238 1406 319 1454 ‚quam
334 1390 402 1437 dixit
419 1391 451 1437 de
465 1389 610 1449 provinciis
621 1392 808 1439 consularibus.
834 1394 876 1439 so.

73 1461 245 1519 Hippocraten
255 1462 339 1506 nutem
349 1458 376 1504 in
386 1472 417 1504 eo
427 1458 505 1518 libro,
519 1458 550 1505 de
560 1471 609 1518 quo
621 1458 811 1519 suprascripsi,
821 1473 878 1508 cnm

73 1532 98 1575 et
112 1541 249 1578 numerum
262 1526 373 1584 dierum,
393 1525 483 1582 quibus
494 1529 644 1584 conceptum
658 1527 685 1573 in
695 1530 770 1573 utero
781 1540 877 1586 coagu-

72 1595 125 1641 lum
140 1594 332 1654 conformetur,
352 1594 377 1639 et
390 1595 490 1652 tempus
504 1593 587 1651 ipsius
602 1594 730 1653 portionis
742 1607 814 1640 nono
831 1596 878 1641 aut
910 1588 912 1596 ’

72 1661 173 1709 decimo
189 1673 277 1707 mense
292 1660 437 1718 definisset,
457 1673 539 1717 neque
550 1661 576 1706 id
585 1664 670 1708 tamen
680 1674 780 1719 semper
789 1660 877 1707 eudem
909 1651 914 1666 ⁸

70 1743 129 1776 esse
140 1729 186 1773 lini
197 1728 316 1783 dixisset,
327 1727 447 1774 sedulius
459 1726 532 1773 ocius
544 1728 608 1789 fieri,
622 1728 689 1774 alias
699 1727 791 1789 serius,
804 1727 876 1774 hisce

70 1795 102 1844 sd
111 1797 273 1855 postremum
284 1795 369 1842 verbis
379 1807 441 1840 usus
452 1797 503 1840 est:
522 1792 625 1840 Γίνεται
643 1792 671 1840 di
686 1794 712 1840 ir
721 1788 823 1845 τούτοις
833 1793 877 1838 καὶ

69 1860 149 1910 aletur
168 1860 213 1909 καὶ
227 1855 325 1907 ἐλάσσω
341 1859 384 1908 καὶ
400 1854 463 1906 ὅλου
477 1855 544 1907 κατὰ
557 1860 650 1926 pstppe,
671 1859 714 1907 aul
726 1860 831 1922 εἴπομεν
846 1857 876 1906 dt

69 1928 114 1976 aui
123 1926 204 1976 atsto
214 1921 346 1984 πλειόνων,
357 1924 399 1974 καὶ
409 1920 506 1974 ἐλάσσω
518 1922 670 1977 ἐλασσόνων.
705 1928 806 1984 ouibus
816 1940 876 1974 ver·

72 1996 264 2057 dissimilent,
275 1996 344 2053 quod
353 1994 492 2052 aliqnando
503 1996 576 2042 ocius
587 1997 666 2052 fieret,
680 2008 733 2041 non
745 1995 827 2041 inulto
837 1997 877 2041 ta·

70 2078 128 2111 men
140 2065 198 2112 lieri
207 2064 295 2120 ocius,
305 2075 388 2122 neque
398 2063 468 2120 quud
478 2062 657 2119 serius,multo
668 2061 759 2109 serius.
772 2063 877 2109 wde-

15 2141 19 2147 '
69 2131 135 2178 mini
152 2146 203 2191 ego
213 2132 309 2177 Romae
320 2131 439 2177 accurate
452 2128 502 2176 linc
511 2129 713 2196 atque-sollicite
723 2130 876 2191 quaesitum,

68 2198 178 2259 negotio
189 2211 242 2245 non
252 2197 290 2244 rei
301 2201 363 2242 tunc
374 2210 468 2257 parvae
478 2197 641 2256 postulante,
656 2209 689 2243 an
700 2200 791 2244 octavo
801 2210 876 2248 rnen-

69 2280 97 2313 se
116 2267 207 2312 intans
225 2277 259 2310 ex
278 2266 353 2310 utero
374 2264 450 2310 vivus
465 2264 550 2311 editus
564 2267 591 2309 et
603 2261 692 2311 stetim
704 2266 819 2310 mortuus
834 2265 876 2311 ius

68 2334 152 2381 nium
166 2333 309 2379 liberorum
325 2330 505 2392 supplevisset,
528 2343 585 2378 curn
598 2332 700 2380 abortio
715 2331 874 2391 quibusdam,

67 2413 124 2448 non
144 2401 247 2460 partus,
276 2398 409 2445 videretur
427 2399 523 2445 mensis
544 2397 630 2446 octavi
649 2398 874 2458 intempestivitas.

68 2470 110 2515 22.
130 2466 184 2513 Sed
197 2465 321 2524 qnoniam
332 2465 363 2512 de
373 2466 511 2512 Homerico
527 2479 614 2513 unnuo
628 2469 704 2525 putu
714 2479 744 2512 sc
754 2465 786 2513 ds
795 2465 876 2511 nude·

68 2536 137 2583 simo
150 2546 240 2580 mense
251 2532 372 2592 diximus,
384 2545 448 2589 quae
459 2545 670 2591 cognoveramus,
680 2532 764 2579 visum
773 2537 813 2580 est
822 2543 875 2577 uun

66 2601 304 2662 praetereundum,
324 2599 391 2657 quod
411 2598 438 2644 in
452 2599 534 2646 Plinii
549 2600 660 2647 Secundi
678 2600 747 2648 libro
765 2598 874 2657 septimo

66 2667 208 2717 Naturalis
223 2666 356 2714 Historiae
370 2665 490 2725 tegimus.
525 2669 567 2715 2³.
585 2666 614 2714 td
625 2670 714 2714 sutem
724 2667 784 2724 quia
798 2666 875 2711 extra

101 2737 270 2783 Genusus<
647 2736 670 2780 G
