2067 3034
126 178 179 235 att
376 179 488 230 nuni
524 169 695 230 onnnrr

368 307 555 361 CAPUT
591 306 694 360 XVII.

153 372 234 422 Sermo
245 372 338 420 labitur
348 388 400 420 eum
409 374 574 430 grammatico,
589 373 765 420 insolentiarum
772 379 795 416 et
804 371 933 430 inapemia·

182 445 232 476 rnm
237 434 316 489 pluro,
324 435 351 475 de
360 430 535 487 significatione
542 430 725 490 vocubuliquod
736 436 771 474 cat
779 429 933 483 obnoxius,

184 491 253 547 dequo
261 489 308 532 eius
317 486 379 532 occia
388 487 484 543 origine.

162 564 187 612 1.
206 563 380 611 Percontabar
392 564 490 610 Romae
506 561 650 622 quempiam
667 559 861 621 grammaticam
879 565 935 622 pri-

127 644 185 679 mae
200 630 228 677 in
242 631 358 678 docendo
369 631 530 678 celebritatis
536 662 545 686 ,
565 644 618 677 non
627 629 715 676 hercle
725 630 882 689 experiundi
892 632 935 678 vel

128 697 246 747 tentandi
260 697 353 758 gratia,
374 699 421 745 red
434 697 550 752 diarendi
564 697 646 757 magia
663 697 754 745 studio
765 700 792 745 et
803 698 934 757 cupidine,

128 765 190 826 quid
200 764 359 825 significaret
372 768 513 820 obnoxior,
527 779 643 824 quaeque
659 764 715 820 eiua¹
726 764 848 813 vocabuli
858 766 935 824 origo

128 832 234 880 acratio
244 834 321 879 earet.
357 834 382 879 2.
400 835 484 892 Atque
499 833 546 881 ille
561 832 655 892 aspicit
664 846 705 878 me
710 863 720 889 ‚
739 832 853 878 illudens
868 831 936 879 leri-

127 903 208 949 tatem
217 899 377 958 quaestionis
388 900 605 960 parvitatemque:
616 900 763 959 Obscuram,
770 900 861 960 inquit,
871 914 935 947 eane

125 981 182 1015 rem
192 966 309 1028 quaeris,
327 967 460 1026 multaque
473 982 582 1027 proraue
592 966 685 1027 vigilia
694 967 876 1026 indagandam
908 970 934 1014 3.

128 1034 195 1091 Quia
210 1034 274 1083 adeo
290 1038 343 1082 tam
351 1035 458 1094 liuguae
468 1034 578 1082 Latinae
588 1034 695 1094 ignaros
706 1037 753 1092 eat,
771 1034 815 1092 qui
825 1034 936 1093 nesciat,

128 1116 188 1156 eum
198 1101 250 1148 dici
261 1101 417 1159 obnoxium,
436 1101 478 1150 eui
488 1102 550 1160 quid
559 1104 591 1148 ab
605 1115 652 1161 eo,
672 1102 713 1149 cui
732 1115 789 1148 ecee
803 1102 936 1149 obnoxiu·

128 1169 233 1225 dicitur,
243 1167 430 1217 incommodari
441 1172 467 1216 et
476 1170 566 1217 noceri
576 1171 674 1228 potert3
692 1173 719 1214 et
729 1170 773 1228 qui
782 1169 875 1215 habeat
883 1169 936 1215 ali·

127 1251 204 1297 quern
213 1249 309 1293 noxae,
318 1235 345 1282 id
355 1239 403 1297 eet,
415 1236 505 1296 eulpae
516 1250 579 1283 auae
588 1236 732 1284 consciunt
758 1237 828 1291 Quin
838 1236 935 1294 potior,

126 1304 222 1363 inquit,
227 1303 290 1350 haec
300 1303 382 1350 mittin
391 1304 507 1363 nugalia,
513 1306 540 1350 et
549 1304 626 1350 attera
636 1317 676 1363 ea,
682 1316 747 1362 quae
758 1304 835 1362 digna
844 1302 937 1361 quaeri

126 1370 285 1428 tractarique
296 1370 357 1417 aiot.
392 1373 417 1417 4.
437 1372 502 1420 Tum
518 1384 581 1418 vero
596 1384 645 1430 ego
657 1376 797 1429 peraretur,
807 1371 937 1428 agendam

126 1439 180 1485 iam
191 1437 304 1499 oblique,
319 1441 348 1484 ut
358 1452 414 1485 eum
423 1437 528 1485 homine
539 1439 634 1498 etulto,
653 1438 812 1498 existimavi,
827 1443 864 1484 et:
886 1439 935 1485 Ge·
1033 1438 1034 1461 l

127 1509 193 1563 tera,
208 1503 324 1564 inquam,
342 1504 382 1552 vir
393 1506 554 1562 doctissime,
567 1506 708 1566 remotiora
719 1506 897 1564 gravioraque,
913 1503 936 1552 ai

128 1572 228 1620 discere
240 1574 267 1619 et
276 1572 343 1620 noire
353 1574 479 1628 debuero,
492 1573 594 1632 quaudo
604 1572 668 1619 mili
677 1586 739 1619 uana
751 1572 864 1633 venerit,
880 1577 938 1619 turn

128 1652 251 1704 quaeram
264 1653 299 1688 ex
313 1642 348 1701 te,
364 1643 440 1697 atque
456 1641 565 1687 discam:
584 1640 629 1686 aed
640 1641 708 1686 enim
718 1640 779 1698 quia
789 1639 846 1686 dixi
856 1652 940 1698 aaeoe

129 1707 267 1769 abactam,
281 1710 307 1754 et
317 1707 378 1765 quid
389 1707 514 1755 discerem
523 1706 632 1768 nesciri,
649 1706 730 1753 didici
741 1721 775 1754 ex
785 1714 820 1759 te,
830 1710 858 1752 et
868 1708 937 1753 acire

128 1768 198 1824 nunc
209 1774 292 1834 coepi,
307 1775 375 1833 quod
389 1789 442 1822 non
453 1789 501 1834 ego
513 1774 626 1822 omnium
636 1773 717 1825 aolus.
731 1778 760 1821 ut
770 1773 818 1822 tibi
828 1785 884 1821 rum
893 1773 938 1821 vi-

79 1864 82 1874 ·
129 1856 182 1905 aaa,
194 1841 325 1901 ignoravi3
345 1842 402 1899 ned,
418 1846 447 1888 ut
460 1855 502 1888 rea
513 1845 565 1896 ert,
582 1841 691 1889 Plautus
702 1837 845 1904 [quoque],
857 1842 937 1889 horno

127 1910 236 1970 linguae
247 1912 321 1967 atque
331 1908 478 1968 elegantiae
488 1908 516 1956 in
527 1909 612 1956 verbio
624 1910 732 1955 Latinae
741 1909 869 1968 princepe,
875 1908 938 1967 quid

128 1981 200 2025 erret
210 1979 348 2039 obnoxiae,
367 1976 488 2024 neacivit.
524 1977 623 2023 Verane
637 1975 706 2023 onim
715 1980 755 2023 eut
764 1976 792 2023 in
802 1977 892 2025 Sticho
902 1976 940 2027 il·

127 2045 181 2094 liua
191 2044 229 2092 ita
239 2044 362 2104 scriptur:

162 2111 431 2173 —Nrmeegoharole
438 2112 606 2173 portiniana,
624 2113 815 2173 nonodnoxi03
982 2164 988 2172 ,

128 2178 199 2239 quod
208 2178 314 2226 minime
326 2180 446 2237 congruit
456 2194 512 2228 cunr
522 2180 660 2237 inaquam
671 2195 711 2234 me
721 2180 843 2236 docuisti,
854 2179 939 2239 rigni·

129 2245 264 2304 fieatione3
276 2245 420 2305 composuit
430 2248 498 2294 enirn
509 2248 628 2303 Plautus,
638 2250 759 2305 tanquam
769 2249 818 2294 duo
829 2248 900 2296 inter
908 2260 939 2295 re

131 2314 277 2370 contraria,
289 2315 371 2373 plane
386 2316 413 2359 et
426 2315 549 2371 obnoxiu
573 2316 640 2373 quod
655 2328 670 2361 a
685 2318 730 2360 tua
745 2314 939 2374 significatione

129 2380 210 2439 longe
221 2382 302 2428 abeat.
325 2382 349 2426 5.
363 2382 398 2428 At
408 2380 455 2427 ille
465 2381 646 2440 grammaticus
657 2382 721 2428 satie
731 2382 851 2440 ridicule,
862 2381 939 2439 quari

132 2448 260 2497 odacrius
271 2450 297 2495 et
306 2448 417 2493 obnoxie
426 2461 482 2495 non
492 2448 668 2495 declinatione
679 2450 749 2504 nola,
766 2450 810 2496 red
821 2464 849 2497 re
861 2451 942 2507 atque

131 2515 262 2562 contentia
272 2514 418 2561 differrent:
436 2516 502 2574 Ego,
517 2514 609 2575 inquit,
625 2516 690 2575 dixi,
706 2517 767 2575 quid
777 2522 849 2564 earet
859 2517 942 2563 obno-

131 2585 208 2637 πυτ,
222 2596 275 2629 non
285 2580 474 2638 quid'otnorie.
509 2585 534 2628 6.
552 2584 587 2629 At
595 2586 656 2631 tunc
667 2597 715 2643 ego
725 2584 854 2632 admirans
864 2585 941 2631 ineo-

132 2650 213 2697 lentia
224 2648 336 2697 hominia
347 2647 491 2696 inscitiam:
512 2649 656 2708 Mittamua,
670 2651 783 2711 inquam,
798 2652 876 2700 sicuti
887 2653 939 2712 rin,

131 2719 201 2775 quod
214 2719 323 2768 Plantae
338 2715 448 2763 odnorr'e
463 2715 544 2779 dixit,
565 2718 588 2765 ei
601 2718 630 2767 id
644 2732 703 2767 erac
717 2719 795 2767 nimir
809 2723 938 2769 remotum
