2067 3034
171 111 205 165 26
426 116 534 167 Auni
569 116 729 165 GELMI
792 130 793 133 ’

172 234 243 290 Quid
260 231 331 282 enim
341 233 383 282 est
396 233 469 283 aliud
479 225 664 296 [superponam]
683 223 795 299 incipiat
831 233 870 279 12.
889 232 978 292 Eupo·

170 301 233 349 lidis
244 314 348 360 quoque
358 315 450 349 versus
460 302 492 347 de
507 299 535 347 id
547 314 632 360 genus
642 293 790 348 homiuibus
804 296 979 360 consignatis·
1033 311 1034 342 ἑ

171 382 236 417 nme
247 371 330 417 factus
341 371 396 415 est
1033 377 1034 381 ¹

238 429 368 482 Anicia
351 447 471 495 αριστος,
491 426 692 485 ἀδυνατώτατος
702 429 793 495 λε’γεινε
1033 483 1034 486 ¹

172 506 215 552 13.
238 503 306 561 quod
327 501 471 548 Sallustius
493 503 588 547 noster
603 499 703 547 imitari
729 501 838 557 volens,
868 502 979 560 loquar,

172 570 266 628 iuquit,
284 571 382 628 nzags's,
393 582 471 629 quam
481 568 626 629 facundus.
651 569 691 612 14.
710 569 875 626 Quapropter
883 567 976 614 Hesio-

173 639 229 693 dus,
239 636 375 694 poetarum
384 634 612 693 prudentissimus,
623 633 739 692 linguam
750 648 804 680 non
814 635 978 693 vulgandam,

118 716 121 721 ⁴
173 703 219 751 sed
228 702 418 749 recondendam
428 716 487 748 esse
498 701 569 757 dicit,
580 699 687 759 perinde
697 704 726 746 ut
735 700 894 758 thesaurum,
907 702 978 748 eius-

172 783 222 827 que
233 782 291 815 esse
301 769 329 815 in
338 769 480 828 promendo
495 767 606 828 gratiam
618 766 803 828 plurimam,
781 781 805 813 ss
819 768 938 814 modesta
953 771 980 815 et

169 849 250 895 parea
259 838 285 883 et
294 836 428 882 modulata
439 836 486 883 sit:

204 900 232 947 Γ
230 895 330 962 λωσσης
339 916 382 950 τοι
392 893 513 962 θησαν
502 916 531 955 ος
541 900 567 948 ἐν
578 892 787 980 ἀνθρώποισιν
769 913 876 976 epactae

210 965 360 1030 Φειδωλῆς·
369 967 474 1029 πλείστη
484 916 558 1016 Sl
523 962 599 1032 χᾶρις
608 983 674 1014 κατα
666 962 783 1047 priapos
793 963 833 1013 los'
828 979 890 1026 σης.

172 1038 210 1084 ra
231 1035 426 1094 Epicharmium
439 1050 543 1095 quoque
558 1036 626 1082 illud
638 1049 693 1082 nou
705 1034 799 1082 inscite
814 1035 942 1083 sehabet:

243 1095 281 1148 Oi
291 1100 372 1165 λέγειν
382 1097 474 1162 δεινός,
488 1096 554 1149 ἀλλὰ
565 1101 639 1165 σιγᾷν
650 1095 785 1156 ἀδύνατος.

172 1173 214 1218 lu.
229 1169 275 1217 Ex
285 1183 335 1228 quo
347 1167 419 1233 [hoe]
427 1172 549 1230 proiecto
560 1171 671 1217 sumtum
682 1170 735 1216 est:

207 1238 261 1296 Qus·
269 1251 325 1284 eum
338 1238 410 1299 loqui
418 1253 470 1285 nou
477 1245 582 1298 posset,
594 1243 683 1284 tacere
693 1250 744 1282 non
755 1243 875 1295 poterat.

171 1305 213 1351 st.
221 1304 381 1352 Favorinum
390 1319 439 1364 ego
449 1305 539 1352 audivi
551 1305 647 1362 dicere,
658 1317 751 1351 versus
762 1302 977 1364 istosEuripidis,

332 1366 468 1431 Ἁχαλίνων
481 1365 617 1450 πομάτων

331 1432 502 1516 Ἀνόμουτ”
487 1431 633 1503 appendam

338 1498 376 1553 Τὸ
386 1504 459 1559 τέλος
469 1501 605 1565 δυστυχία·

166 1587 224 1621 non
233 1571 294 1620 de''
275 1587 310 1620 us
319 1574 419 1621 tantum
430 1576 513 1621 factos
523 1573 607 1631 accipi
622 1574 731 1634 debere,
743 1572 788 1633 qui
798 1568 878 1632 impia
888 1577 934 1621 aut
942 1575 977 1622 il-

167 1640 245 1688 licita
263 1639 395 1702 dicerent,
415 1641 461 1687 sed
475 1641 520 1687 vel
535 1642 648 1688 maxime
665 1641 696 1687 de
708 1640 859 1688 hominihus
873 1655 977 1699 quoque

165 1721 249 1767 ,posse
259 1707 312 1754 dici
323 1709 403 1754 stulta
413 1710 439 1754 et
449 1708 587 1755 immodica
596 1708 792 1765 blaterantihus,
803 1721 913 1764 quorum
922 1709 977 1755 lin-

169 1786 222 1834 gua
235 1776 287 1821 tam
301 1775 412 1834 prodiga
427 1775 590 1833 infrenisque
601 1775 649 1833 sit,
665 1778 695 1821 ut
704 1775 767 1822 duat
777 1787 878 1832 semper
887 1778 977 1822 aestu-

171 1845 249 1898 etque
259 1840 411 1888 colluvione
421 1845 558 1889 verborum
565 1843 709 1888 teterrima:
721 1842 789 1899 quod
798 1837 881 1899 genus
889 1843 977 1889 homi-

164 1921 243 1955 ⁴nasa
261 1908 367 1954 Graecis
388 1909 626 1968 significantissimo
649 1910 777 1957 vocabulo
796 1902 976 1970 κατάγλωσσω

170 1975 347 2033 appellantur.
384 1977 423 2021 18.
448 1976 584 2023 Valerium
597 1976 722 2033 Probum,
737 1976 930 2036 grammaticum
941 1977 977 2023 il·
1027 2030 1031 2039 ¹

168 2042 292 2102 lustrem,
307 2056 342 2090 ex
357 2043 481 2090 familiari
492 2044 565 2102 eius,
580 2044 655 2090 docto
667 2044 740 2104 viro,
757 2042 870 2101 comperi
885 2044 976 2090 Sallu-

170 2109 284 2156 stianum
293 2109 374 2157 illud:
390 2110 462 2159 Satis
473 2112 645 2172 eloquentiae,
653 2113 975 2171 capientiaeparum,bre-
989 2109 996 2117 ‘

168 2175 197 2222 vi
207 2177 345 2234 antequam
355 2177 410 2224 vita
423 2179 573 2236 decederet,
588 2179 626 2226 sic
637 2179 729 2236 legere
745 2177 879 2236 coepisse,
894 2180 920 2224 et
935 2177 976 2226 sio

161 2255 187 2289 a
200 2243 328 2290 Sallustio
344 2245 465 2292 relictum
483 2247 635 2292 affirmasse:
662 2244 736 2293 Satis
753 2247 908 2306 loquentiae,
926 2259 976 2293 sa-

147 2368 150 2374 *
163 2311 285 2369 pientiae
291 2324 402 2369 parsum
415 2314 484 2370 quod
494 2315 626 2374 loquentia
633 2313 756 2360 novatori
770 2314 906 2359 verborum
915 2312 975 2359 Sal·

156 2376 251 2432 ¹lustio
262 2377 376 2424 maxime
391 2382 561 2439 congrueret,
578 2381 727 2441 eloquentia
742 2394 799 2426 cum
820 2378 975 2437 iusipientia

167 2443 274 2491 minime
281 2444 441 2493 conveniret.
453 2446 682 2494 inflammemodi
693 2449 778 2492 autem
788 2445 973 2503 loquacitatem

160 2514 358 2571 ¹verborumque
373 2515 479 2561 turbam·
487 2514 666 2573 magnitudine
677 2512 748 2559 inani
758 2515 857 2559 vastam
868 2510 974 2560 facetis-

168 2577 249 2626 simus
263 2581 341 2638 poe'ta
354 2580 543 2641 Aristophanes
557 2580 703 2640 Insignibus
718 2578 853 2627 vocabulis
868 2581 974 2629 denota·

169 2644 209 2693 vit
218 2645 246 2694 in
255 2646 296 2694 his
307 2646 440 2696 versibus:
