2067 3034
137 98 190 151 1¹12
369 96 498 146 .AUL1
534 94 692 144 GELLII

135 218 203 267 rina
216 212 397 275 responsionis
412 214 495 272 figura
504 213 584 260 elusit
592 217 620 260 et
630 213 705 260 eluit.
731 216 772 261 iti.
782 215 869 264 Verba
879 202 950 263 adeo

138 288 198 344 ipsa
212 295 338 342 ponemus
355 281 474 341 Catonis,
501 279 623 339 quoniam
634 282 696 327 Tiro
713 291 744 327 ea
758 284 949 341 praetermisitz

141 356 182 399 5⁰.
193 350 353 399 Rhodienses
362 349 487 407 saporosi
495 362 553 395 csse
563 351 646 404 aim,
656 348 686 393 sti
692 350 862 407 obiectantes,
876 351 951 411 qaod

139 418 204 466 acilii
211 423 238 464 et
248 418 337 479 liberie
347 418 409 463 mdc
418 418 518 461 minime
528 414 582 461 dici
590 419 675 462 ποιέω.
711 416 772 463 siat
779 430 843 465 sane
853 430 950 477 saper·

133 488 170 534 -di
176 502 185 532 .·
203 484 264 545 qaid
271 485 300 532 id
308 483 347 531 ad
354 497 401 531 noc
410 478 529 529 attinet?
559 482 622 528 Idne
630 485 786 543 irascimini,
800 485 825 531 si
833 486 892 545 puis
901 497 949 532 ta-

135 556 247 617 perbs'or
256 556 304 609 est,
314 564 391 611 paam
400 549 464 597 uos?
499 552 540 595 ai.
558 550 633 595 Nihil
648 562 754 608 prorsus
767 551 814 598 hac
830 551 950 612 conopei-

140 621 241 668 latione
253 616 304 665 dici
314 619 401 676 potest
409 629 493 674 neque
502 616 608 676 gravius
619 629 704 675 neque
714 618 845 679 munitius,
852 619 949 666 aduer-

140 693 186 734 sus
194 683 313 732 homines
324 684 525 743 superbissimos
536 685 616 742 iacta,
637 684 683 741 qui
693 685 840 742 superbiam
848 685 876 731 in
886 695 948 732 sese

139 754 268 811 amarent,
280 751 309 797 in
318 750 378 797 aliis
387 751 616 809 reprehenderent.
651 755 693 797 52.
711 752 948 798 Praetereaanim—

140 820 279 869 advertere
292 820 344 874 est,
362 817 391 864 in
405 820 460 865 tota
477 817 528 863 ists
541 818 647 864 Catonis
667 818 786 865 oratione
799 819 886 865 omnia
904 819 948 865 di-

140 888 311 947 sciplinarum
325 884 513 934 rhetoricarum
523 897 594 931 arma
607 885 683 942 atque
698 886 813 932 subsidia
822 890 892 932 mota
902 896 947 932 es-

140 967 183 1004 ee:
202 953 247 1000 sed
256 966 310 1004 non
319 951 425 1009 perinde
434 953 464 998 ut
474 952 502 997 in
512 952 665 999 decursibus
680 953 790 999 ludicris
804 956 849 999 aut
864 953 948 999 simu-

140 1022 227 1070 locris
231 1018 392 1079 proeliorum
402 1018 619 1076 voluptariisiien'
625 1019 740 1066 ridemus
748 1034 754 1065 e
763 1020 946 1080 nominquarn,

142 1089 264 1140 distincte
283 1086 360 1133 nimis
380 1089 457 1142 atque
473 1089 573 1143 compte
592 1089 668 1143 atque
681 1088 811 1135 modulate
826 1100 869 1134 res
885 1090 946 1132 acta

143 1160 197 1216 ost,
217 1155 262 1201 sed
276 1152 348 1211 quasi
361 1151 390 1198 in
405 1151 513 1210 ancipiti
529 1153 680 1212 certamine,
699 1168 756 1201 cum
770 1166 858 1215 sparsa
872 1153 945 1200 acies

142 1227 197 1285 est,
214 1220 353 1277 multisque
367 1218 434 1265 locis
447 1220 531 1265 Marte
544 1221 618 1267 vario
632 1224 773 1280 pugnatur:
800 1221 837 1268 sic
851 1221 879 1267 in
892 1220 947 1266 ista

142 1294 198 1338 tum
209 1300 286 1335 eausa
297 1289 360 1332 Cato
374 1299 431 1331 cum
440 1285 562 1345 superbia
570 1286 620 1333 illa
629 1288 813 1335 Rhodiensium
823 1287 945 1334 tamosis-

143 1357 208 1406 sima
224 1356 363 1400 multorum
382 1351 443 1398 odio
462 1359 538 1409 atque
557 1353 656 1400 invidia
674 1357 808 1413 flagraret,
826 1354 945 1400 omnibus

143 1421 271 1483 promisce
286 1418 376 1470 tuendi
389 1422 465 1475 atque
481 1421 758 1479 propugnandimodis
772 1435 834 1469 usus
844 1422 946 1467 esttet

142 1504 211 1537 nunc
225 1490 254 1534 ut
268 1488 364 1546 optime
377 1486 484 1532 meritos
499 1489 669 1535 commendat:
692 1503 771 1546 nuuc,
786 1491 907 1546 tanquam
921 1486 945 1533 si

142 1557 296 1608 innocentes
310 1556 448 1613 purgaret,
465 1563 497 1599 ne
513 1556 582 1601 bona
596 1555 752 1614 divitiaeque
764 1569 853 1603 eorum
863 1567 948 1613 enpa-¹

143 1625 239 1683 tantur,
249 1622 381 1680 obiurgat:
398 1633 466 1667 nuuc
478 1620 570 1681 etiam,
589 1622 662 1680 quasi
673 1624 708 1670 sit
717 1627 841 1679 erratum,
851 1623 945 1680 depre-

135 1694 230 1739 eatur:
255 1702 324 1735 nunc
339 1689 368 1733 ut
382 1687 545 1734 necessarios
559 1689 718 1747 reipublicae
732 1692 856 1737 ostentat:
875 1701 945 1735 nunc

143 1756 304 1815 clementiae,
314 1766 381 1802 nuuc
391 1755 594 1801 mansuetudinis
604 1757 809 1813 maiorum‚nunc
818 1754 945 1803 utilitatis

142 1825 262 1885 publicae
281 1821 486 1869 commonefacit.
522 1825 562 1868 5³.
580 1824 671 1881 anue
689 1823 776 1872 omnia
795 1822 945 1870 distinctius

141 1890 356 1947 numerosiusque
367 1902 397 1934 ao
407 1889 535 1947 comptius
546 1887 714 1954 tortasse[an]
730 1891 782 1937 dici
795 1890 942 1950 potuerint:

142 1960 236 2007 turtius
247 1962 323 2015 atque
334 1955 448 2002 vividius
457 1956 574 2013 potuisse
583 1958 633 2004 dici
642 1971 694 2005 non
699 1958 828 2005 videntur.
843 1956 943 2004 odini·

144 2041 191 2084 que
202 2026 282 2084 igitur
293 2024 356 2069 Tiro
367 2022 478 2081 Tullius,
489 2023 532 2081 qui
543 2038 576 2070 ex
587 2024 704 2072 omnibus
715 2024 882 2072 facultatibus
891 2028 944 2071 tam

143 2094 281 2151 opulentae
304 2089 430 2137 orationis
450 2091 516 2147 aptis
535 2089 604 2137 inter
622 2104 679 2138 sese
699 2096 725 2139 et
744 2087 942 2139 cohaerentibus

142 2173 250 2219 parvum
265 2158 395 2215 quippiam
409 2158 552 2215 nudumque
569 2158 673 2218 sumsit,
693 2160 762 2217 quod
772 2159 940 2205 obtrectaret:

143 2232 263 2283 toriquom
274 2238 327 2270 non
337 2224 441 2282 dignum
449 2226 485 2269 Μ.
498 2226 595 2271 Catone
606 2226 693 2281 fuerit,
709 2227 776 2283 quod
787 2225 941 2272 delictorum

143 2306 195 2340 non
215 2295 419 2349 perpetratorum
437 2288 719 2359 voluntates1tantum]
739 2306 792 2339 nou
811 2292 943 2339 censuerit

143 2357 296 2418 puniendas.
331 2360 372 2403 55.
391 2356 553 2404 Commodius
573 2361 657 2405 autem
676 2361 835 2417 erectiusque
855 2358 944 2406 dehis

143 2425 210 2471 meis
220 2423 313 2480 verbis,
325 2422 509 2481 quibusTuHio
522 2425 615 2471 Tironi
625 2427 746 2485 respondi
756 2429 842 2485 modo,
852 2424 945 2472 existi·

143 2490 224 2538 mabit
235 2488 407 2545 iudiciumque
419 2491 510 2545 faciet,
527 2491 573 2548 qui
586 2496 612 2538 et
622 2494 764 2540 orationem
775 2493 855 2552 ipsam
867 2495 944 2538 Cato-

144 2557 186 2606 nis
201 2559 283 2602 totam
296 2554 426 2613 acceperit
440 2557 468 2602 in
483 2571 582 2616 manus,
601 2562 627 2604 et
641 2561 777 2618 epistolam
791 2559 896 2606 Tironis
911 2560 944 2605 ad

147 2623 240 2674 Axium
250 2621 372 2681 scriptam
380 2624 511 2680 requirere
525 2629 552 2671 et
560 2623 650 2684 legere
661 2628 799 2675 curaverit.
826 2629 866 2674 lta
875 2625 943 2674 enim
