2067 3034
161 162 214 214 424
380 160 522 208 'AULl
557 159 720 207 GELLll

162 278 309 329 sestertius.
344 280 368 325 4.
386 279 443 324 Hoc
453 291 513 325 aere
526 277 647 337 collecto,
662 277 735 335 quasi
746 278 898 341 manuario,
918 291 979 327 coe-

161 350 225 394 nula
234 348 371 395 curabatur
381 345 513 402 omnihus,
531 345 573 402 qui
586 359 642 391 eum
654 346 740 392 lusum
750 347 915 393 luseramus.
953 352 977 392 5.

160 416 244 463 Erant
257 417 342 461 autem
357 412 491 470 captiones
507 413 540 458 ad
554 410 604 457 hoc
614 413 669 459 fere
679 414 844 473 exemplum3
868 414 976 459 tametsi

158 482 254 529 Latina
264 480 384 529 oratione
394 478 520 526 nonsatis
531 479 608 536 scite,
627 492 656 526 sc
664 493 748 537 paene
762 480 844 527 etiam
860 480 974 538 illepide

161 551 340 609 exponuntur:
360 547 434 605 Quod
442 550 490 594 nia
499 552 547 606 est,
558 547 607 592 doc
614 548 719 607 grando
730 562 779 594 aon
789 553 848 606 est,·
861 550 916 594 uit
928 562 975 594 us-

160 622 210 665 tem
221 617 285 664 alda
300 620 356 673 est,·
371 616 472 674 grando
486 616 570 673 igitur
585 615 648 661 uida
662 629 713 660 non
728 622 775 662 est.
812 617 885 661 item
900 615 972 661 aliud

158 698 213 733 nou
224 681 364 730 dissimile:
383 680 458 738 Quod
466 681 541 730 donno
552 687 600 741 est,
610 681 715 728 Ilounon
725 688 766 730 est
775 696 861 743 equas
868 702 883 741 ,·
895 682 971 729 tonso

158 758 246 799 autem
256 748 360 797 une‘mal
367 753 422 805 ert,·
442 762 521 811 equas
532 751 613 810 igetur
623 750 724 795 animat
731 764 783 797 non
792 757 842 797 est.
885 754 910 795 6.
926 750 972 797 Di·

159 833 217 866 cere
229 832 291 877 ergo
302 817 423 872 debebat,
442 816 487 875 qui
498 816 530 863 ad
540 815 673 875 sophisma
683 815 834 864 diluendum
844 832 880 865 ac
890 815 971 865 retel-

157 886 262 934 lendum
277 886 331 933 ritu
346 885 475 933 aleatorio
486 889 675 943 vocatorem,
694 886 781 945 inqua
791 889 885 946 parte,
908 901 971 945 quo·

157 954 245 1013 quein
264 956 343 1001 verbo
364 953 448 1012 captio
469 954 551 1013 toret3
575 954 636 1013 quid
657 955 713 1001 duri
733 954 899 1011 concedique
919 968 970 1001 nou

158 1024 303 1081 oporteret:
331 1020 383 1066 nisi
399 1021 515 1076 dixerat,
535 1035 638 1067 nummo
659 1021 763 1080 singulo
782 1021 969 1068 mulctabatur.

156 1089 197 1137 Ea
205 1091 302 1136 mulcta
313 1100 419 1134 coenam
429 1089 541 1135 iuvabat.
565 1090 589 1134 ⁸1.
600 1089 676 1136 Libet
685 1093 771 1135 autem
781 1088 883 1150 dicere,
894 1103 969 1148 quam

55 1167 61 1172 ’
155 1157 240 1204 facete
251 1156 382 1213 Diogenes
398 1155 529 1214 sophisma
543 1155 569 1201 id
582 1167 677 1214 genus,
695 1156 763 1214 quod
773 1168 854 1214 supra
865 1157 936 1212 dixi,
953 1170 967 1203 s

157 1225 267 1282 quodam
282 1222 419 1268 dialectico
435 1235 470 1269 ex
487 1223 607 1270 Platonis
626 1223 737 1270 diatriba
758 1236 806 1283 per
830 1227 966 1270 contume-

156 1290 219 1337 liam
230 1289 400 1350 propositum,
409 1292 588 1335 remuneratae
600 1290 642 1336 sit.
677 1294 702 1337 8.
720 1293 786 1337 Nam
802 1305 863 1337 cum
874 1291 913 1337 ita
922 1304 965 1337 ro-

156 1361 245 1417 gasset
254 1357 418 1403 dialecticus:
437 1357 512 1414 Quod
521 1372 565 1417 ego
578 1373 647 1418 sam,
664 1359 694 1405 id
701 1365 730 1404 tu
739 1372 841 1416 nones,
859 1362 888 1403 et
900 1358 964 1404 Dio-

155 1438 235 1483 genes
247 1423 390 1482 annuisset,
406 1425 480 1481 atque
490 1423 537 1470 ille
548 1425 707 1472 addidisset:
725 1426 808 1471 Homo
819 1432 910 1471 uatem
920 1440 962 1485 ego

156 1505 228 1539 suns:
253 1506 310 1538 cum
321 1491 347 1537 id
358 1504 459 1548 quoque
469 1504 591 1537 assensus
604 1496 686 1547 esset,
705 1494 732 1539 et
742 1495 833 1538 contra
842 1492 962 1539 dialecti·

158 1572 203 1605 cus
218 1558 256 1604 ita
269 1558 456 1604 conclusisset:
482 1559 567 1604 Homo
583 1561 664 1619 igitur
678 1567 706 1605 tu
719 1574 769 1606 non
784 1573 826 1606 es:
844 1559 897 1605 hoc
907 1559 962 1618 qoi-

156 1624 222 1686 dem,
233 1625 316 1682 inquit
326 1624 465 1685 Diogenes,
476 1625 571 1672 lalsum
581 1631 629 1685 est,
637 1629 670 1686 et,
678 1627 701 1672 si
712 1640 801 1674 verum
810 1627 839 1673 id
847 1627 905 1673 fieri
917 1626 961 1680 ris,

156 1704 221 1740 ame
231 1692 325 1754 incipe.

406 1776 427 1827 C
445 1776 467 1827 A
483 1774 506 1826 P
525 1777 550 1827 U
568 1777 593 1827 'l'
628 1775 712 1829 xlv.

185 1841 245 1893 Quia
260 1842 291 1886 sit
306 1856 411 1886 numerus
429 1842 595 1893 hemiolios,
611 1845 667 1901 qnia
681 1842 836 1900 epitritos:
861 1849 887 1886 et
903 1843 960 1900 quod

210 1899 324 1998 Ξοιΐιὲξηίιι
333 1899 378 1942 ista
387 1897 515 1955 nonfacile
524 1900 603 1943 nostri
609 1899 659 1944 mesi
665 1906 719 1944 ssent
727 1906 813 1943 vertere
822 1899 847 1942 in
857 1900 960 1954 linguam

232 1971 246 1998 (t
283 1970 327 1998 mn·

190 2034 214 2079 1.
232 2032 345 2090 Figurae
359 2032 483 2091 quaedam
498 2045 676 2090 numerorum,
696 2046 759 2090 quas
771 2032 865 2079 Graeci
879 2031 957 2078 certis

154 2098 302 2146 nominibus
314 2100 455 2157 appellant,
471 2100 598 2146 vocabula
608 2099 636 2144 in
646 2098 736 2158 lingua
744 2100 840 2146 Latina
849 2114 902 2145 non
912 2099 957 2144 ha-

153 2165 227 2224 bent3
255 2168 280 2211 2.
292 2167 337 2212 sed
348 2167 394 2224 ¹qui
404 2168 435 2212 de
446 2166 560 2213 numeris
571 2167 662 2213 Latine
673 2168 843 2225 scripserunt,
860 2168 956 2212 Graeca

154 2232 212 2291 ipsa
223 2232 360 2279 dixerunt:
378 2234 473 2291 lingere
484 2235 570 2280 autem
579 2235 683 2292 nostra,
698 2235 819 2291 quoniam
830 2233 955 2291 id‘absur-
1011 2287 1012 2293 ἵ

154 2300 185 2345 de
197 2300 383 2359 interemerat,
396 2301 547 2348 noluerunt.
584 2303 606 2347 3.
622 2302 706 2353 Quale
718 2302 786 2348 enim
796 2301 852 2347 deri
863 2314 954 2348 nomen
1011 2323 1012 2328 =

152 2366 243 2422 posset
253 2365 376 2411 hemiolio
387 2380 503 2426 numero,
516 2369 561 2414 aut
570 2367 692 2425 epitrito?
714 2372 741 2413 4.
755 2370 805 2415 Est
814 2370 899 2414 utem
907 2368 953 2413 he·
984 2335 1011 2420 'f

152 2428 273 2487 miolios,
289 2432 332 2485 qui
342 2445 474 2479 numerum
484 2435 599 2491 aliquem
609 2438 692 2481 totum
700 2435 729 2482 in
739 2449 767 2481 se
777 2437 867 2493 habet,
881 2434 953 2479 dimi·
1006 2423 1012 2512 i

153 2493 274 2548 diemque
283 2496 351 2542 eius:
372 2502 401 2544 ut
411 2502 468 2547 tres
477 2501 509 2546 sd
521 2502 582 2555 duo,
596 2502 744 2559 quindecim
755 2502 787 2548 ad
796 2502 892 2557 decem,
907 2502 953 2547 tri·

153 2558 226 2617 8³¹¹st
240 2558 272 2602 *ἃ
284 2560 384 2616 viginti.
420 2570 442 2610 5.
461 2568 590 2625 Epitritos
601 2572 651 2625 cst,
672 2570 716 2625 qui
725 2569 802 2615 habet
814 2571 895 2614 totum
905 2568 953 2613 sli-

153 2636 227 2681 qnem
238 2634 383 2684 numerum,
398 2631 424 2674 et
433 2630 550 2679 ciusdem
561 2639 660 2692 partem
671 2637 787 2682 tertiam:
806 2639 834 2680 ut
844 2639 951 2692 quatuor

153 2688 186 2733 sd
200 2691 267 2749 tres,
287 2689 423 2741 duodecim
438 2697 471 2744 ad
485 2712 593 2764 norem,
613 2703 784 2762 quadraginta
793 2702 949 2762 adtrigintet
