<?xml version="1.0" encoding="UTF-8"?>
<!DOCTYPE html PUBLIC "-//W3C//DTD XHTML 1.0 Transitional//EN"
    "http://www.w3.org/TR/xhtml1/DTD/xhtml1-transitional.dtd">
<html xmlns="http://www.w3.org/1999/xhtml" xml:lang="en" lang="en">
 <head>
  <title>
</title>
<meta http-equiv="Content-Type" content="text/html;charset=utf-8" />
  <meta name='ocr-system' content='tesseract 3.04.00' />
  <meta name='ocr-capabilities' content='ocr_page ocr_carea ocr_par ocr_line ocrx_word'/>
</head>
<body>
  <div class='ocr_page' id='page_1' title='image "auligelliinocte04gellgoog_0422.png"; bbox 0 0 2067 3034; ppageno 0'>
   <div class='ocr_carea' id='block_1_1' title="bbox 126 148 682 202">
    <p class='ocr_par' dir='ltr' id='par_1_1' title="bbox 126 148 682 202">
     <span class='ocr_line' id='line_1_1' title="bbox 126 148 682 202; baseline -0.013 0"><span class='ocrx_word' id='word_1_1' title='bbox 126 150 184 202; x_wconf 75' lang='lat'>4⁰6-</span> <span class='ocrx_word' id='word_1_2' title='bbox 377 149 486 196; x_wconf 79' lang='lat' dir='ltr'>nunt</span> <span class='ocrx_word' id='word_1_3' title='bbox 522 148 682 196; x_wconf 83' lang='lat' dir='ltr'><strong>GELLH</strong></span> 
     </span>
    </p>
   </div>
   <div class='ocr_carea' id='block_1_2' title="bbox 92 263 934 2743">
    <p class='ocr_par' dir='ltr' id='par_1_2' title="bbox 92 263 934 2743">
     <span class='ocr_line' id='line_1_2' title="bbox 127 263 934 326; baseline -0.005 -9"><span class='ocrx_word' id='word_1_4' title='bbox 127 267 251 318; x_wconf 72' lang='lat' dir='ltr'>orientali</span> <span class='ocrx_word' id='word_1_5' title='bbox 259 266 374 325; x_wconf 84' lang='lat' dir='ltr'>subacta,</span> <span class='ocrx_word' id='word_1_6' title='bbox 390 279 446 314; x_wconf 90' lang='lat' dir='ltr'>cum</span> <span class='ocrx_word' id='word_1_7' title='bbox 456 279 540 313; x_wconf 90' lang='lat' dir='ltr'>annos</span> <span class='ocrx_word' id='word_1_8' title='bbox 550 266 715 326; x_wconf 72' lang='lat' dir='ltr'>regnavisset</span> <span class='ocrx_word' id='word_1_9' title='bbox 724 266 853 321; x_wconf 83' lang='lat' dir='ltr'>undecim,</span> <span class='ocrx_word' id='word_1_10' title='bbox 864 263 934 313; x_wconf 87' lang='lat' dir='ltr'>obiit</span> 
     </span>
     <span class='ocr_line' id='line_1_3' title="bbox 124 332 934 393; baseline -0.011 -7"><span class='ocrx_word' id='word_1_11' title='bbox 124 336 217 386; x_wconf 89' lang='lat' dir='ltr'>mortis</span> <span class='ocrx_word' id='word_1_12' title='bbox 229 335 305 383; x_wconf 89' lang='lat' dir='ltr'>diem.</span> <span class='ocrx_word' id='word_1_13' title='bbox 319 336 360 381; x_wconf 76' lang='lat' dir='ltr'>dt.</span> <span class='ocrx_word' id='word_1_14' title='bbox 367 335 458 393; x_wconf 82' lang='lat' dir='ltr'>Neque</span> <span class='ocrx_word' id='word_1_15' title='bbox 468 334 507 380; x_wconf 92' lang='lat' dir='ltr'>ita</span> <span class='ocrx_word' id='word_1_16' title='bbox 517 334 596 393; x_wconf 80' lang='lat' dir='ltr'>longe</span> <span class='ocrx_word' id='word_1_17' title='bbox 606 337 665 393; x_wconf 86' lang='lat' dir='ltr'>port</span> <span class='ocrx_word' id='word_1_18' title='bbox 674 334 832 382; x_wconf 78' lang='lat' dir='ltr'>Aristoteles</span> <span class='ocrx_word' id='word_1_19' title='bbox 843 332 934 393; x_wconf 85' lang='lat' dir='ltr'>philo-</span> 
     </span>
     <span class='ocr_line' id='line_1_4' title="bbox 126 400 934 464; baseline -0.006 -12"><span class='ocrx_word' id='word_1_20' title='bbox 126 403 235 464; x_wconf 84' lang='lat' dir='ltr'>sophus,</span> <span class='ocrx_word' id='word_1_21' title='bbox 249 405 276 450; x_wconf 87' lang='lat' dir='ltr'>et</span> <span class='ocrx_word' id='word_1_22' title='bbox 284 404 345 462; x_wconf 86' lang='lat' dir='ltr'>port</span> <span class='ocrx_word' id='word_1_23' title='bbox 353 402 487 461; x_wconf 80' lang='lat' dir='ltr'>aliquanto</span> <span class='ocrx_word' id='word_1_24' title='bbox 498 400 686 448; x_wconf 86' lang='lat' dir='ltr'>Demosthenes</span> <span class='ocrx_word' id='word_1_25' title='bbox 697 403 752 448; x_wconf 83' lang='lat' dir='ltr'>vita</span> <span class='ocrx_word' id='word_1_26' title='bbox 764 402 847 448; x_wconf 88' lang='lat' dir='ltr'>iuncti</span> <span class='ocrx_word' id='word_1_27' title='bbox 857 403 934 447; x_wconf 87' lang='lat' dir='ltr'>sunt:</span> 
     </span>
     <span class='ocr_line' id='line_1_5' title="bbox 126 468 933 532; baseline -0.007 -14"><span class='ocrx_word' id='word_1_28' title='bbox 126 473 168 532; x_wconf 71' lang='lat' dir='ltr'>dd.</span> <span class='ocrx_word' id='word_1_29' title='bbox 187 471 330 528; x_wconf 88' lang='lat' dir='ltr'>iisdemque</span> <span class='ocrx_word' id='word_1_30' title='bbox 351 469 431 516; x_wconf 82' lang='lat' dir='ltr'>ferme</span> <span class='ocrx_word' id='word_1_31' title='bbox 450 468 645 527; x_wconf 73' lang='lat' dir='ltr'>tempestatibus</span> <span class='ocrx_word' id='word_1_32' title='bbox 669 469 780 527; x_wconf 80' lang='lat' dir='ltr'>populus</span> <span class='ocrx_word' id='word_1_33' title='bbox 798 470 933 515; x_wconf 84' lang='lat' dir='ltr'>Romanus</span> 
     </span>
     <span class='ocr_line' id='line_1_6' title="bbox 125 535 934 599; baseline -0.009 -13"><span class='ocrx_word' id='word_1_34' title='bbox 125 538 201 599; x_wconf 78' lang='lat' dir='ltr'>gravi</span> <span class='ocrx_word' id='word_1_35' title='bbox 216 552 247 586; x_wconf 87' lang='lat' dir='ltr'>ac</span> <span class='ocrx_word' id='word_1_36' title='bbox 257 535 359 584; x_wconf 87' lang='lat' dir='ltr'>diutino</span> <span class='ocrx_word' id='word_1_37' title='bbox 370 536 524 584; x_wconf 74' lang='lat' dir='ltr'><strong>Samnitium</strong></span> <span class='ocrx_word' id='word_1_38' title='bbox 532 535 604 582; x_wconf 93' lang='lat' dir='ltr'>bello</span> <span class='ocrx_word' id='word_1_39' title='bbox 616 536 780 583; x_wconf 83' lang='lat' dir='ltr'>condictatus</span> <span class='ocrx_word' id='word_1_40' title='bbox 790 538 845 583; x_wconf 88' lang='lat' dir='ltr'>est:</span> <span class='ocrx_word' id='word_1_41' title='bbox 868 543 934 581; x_wconf 80' lang='lat' dir='ltr'>eon-</span> 
     </span>
     <span class='ocr_line' id='line_1_7' title="bbox 125 601 934 663; baseline -0.007 -10"><span class='ocrx_word' id='word_1_42' title='bbox 125 605 247 663; x_wconf 86' lang='lat' dir='ltr'>sulesquc</span> <span class='ocrx_word' id='word_1_43' title='bbox 258 604 316 650; x_wconf 87' lang='lat' dir='ltr'><strong>Tib.</strong></span> <span class='ocrx_word' id='word_1_44' title='bbox 326 603 450 650; x_wconf 85' lang='lat' dir='ltr'>Veturius</span> <span class='ocrx_word' id='word_1_45' title='bbox 464 605 492 650; x_wconf 86' lang='lat' dir='ltr'>et</span> <span class='ocrx_word' id='word_1_46' title='bbox 500 605 545 662; x_wconf 85' lang='lat' dir='ltr'>Sp.</span> <span class='ocrx_word' id='word_1_47' title='bbox 556 603 704 649; x_wconf 75' lang='lat' dir='ltr'><strong>Postumius</strong></span> <span class='ocrx_word' id='word_1_48' title='bbox 716 603 744 649; x_wconf 93' lang='lat' dir='ltr'>in</span> <span class='ocrx_word' id='word_1_49' title='bbox 754 604 821 650; x_wconf 86' lang='lat' dir='ltr'>locis</span> <span class='ocrx_word' id='word_1_50' title='bbox 832 601 934 661; x_wconf 90' lang='lat' dir='ltr'>iniquis</span> 
     </span>
     <span class='ocr_line' id='line_1_8' title="bbox 125 667 934 733; baseline -0.009 -11"><span class='ocrx_word' id='word_1_51' title='bbox 125 675 194 733; x_wconf 86' lang='lat' dir='ltr'>apud</span> <span class='ocrx_word' id='word_1_52' title='bbox 205 670 330 720; x_wconf 82' lang='lat' dir='ltr'>Gaudium</span> <span class='ocrx_word' id='word_1_53' title='bbox 345 669 529 718; x_wconf 84' lang='lat' dir='ltr'>aSamnitibus</span> <span class='ocrx_word' id='word_1_54' title='bbox 538 667 729 717; x_wconf 85' lang='lat' dir='ltr'>circumvallati</span> <span class='ocrx_word' id='word_1_55' title='bbox 739 684 769 718; x_wconf 88' lang='lat' dir='ltr'>ac</span> <span class='ocrx_word' id='word_1_56' title='bbox 779 672 826 718; x_wconf 85' lang='lat' dir='ltr'>snb</span> <span class='ocrx_word' id='word_1_57' title='bbox 842 670 934 728; x_wconf 82' lang='lat' dir='ltr'>iugum</span> 
     </span>
     <span class='ocr_line' id='line_1_9' title="bbox 124 738 934 800; baseline -0.01 -11"><span class='ocrx_word' id='word_1_58' title='bbox 124 740 211 800; x_wconf 82' lang='lat' dir='ltr'>mirsi,</span> <span class='ocrx_word' id='word_1_59' title='bbox 224 738 297 798; x_wconf 84' lang='lat' dir='ltr'>turpi</span> <span class='ocrx_word' id='word_1_60' title='bbox 307 738 412 787; x_wconf 85' lang='lat' dir='ltr'>loedere</span> <span class='ocrx_word' id='word_1_61' title='bbox 424 740 492 786; x_wconf 86' lang='lat' dir='ltr'>iacto</span> <span class='ocrx_word' id='word_1_62' title='bbox 503 739 689 797; x_wconf 79' lang='lat' dir='ltr'>discesserunt3</span> <span class='ocrx_word' id='word_1_63' title='bbox 709 740 741 785; x_wconf 89' lang='lat' dir='ltr'>ob</span> <span class='ocrx_word' id='word_1_64' title='bbox 750 751 858 796; x_wconf 84' lang='lat' dir='ltr'>eamque</span> <span class='ocrx_word' id='word_1_65' title='bbox 870 749 934 782; x_wconf 87' lang='lat' dir='ltr'>can·</span> 
     </span>
     <span class='ocr_line' id='line_1_10' title="bbox 125 803 932 867; baseline -0.009 -12"><span class='ocrx_word' id='word_1_66' title='bbox 125 821 179 855; x_wconf 90' lang='lat' dir='ltr'>sam</span> <span class='ocrx_word' id='word_1_67' title='bbox 189 806 282 867; x_wconf 88' lang='lat' dir='ltr'>populi</span> <span class='ocrx_word' id='word_1_68' title='bbox 291 806 364 853; x_wconf 88' lang='lat' dir='ltr'>iussu</span> <span class='ocrx_word' id='word_1_69' title='bbox 375 806 534 854; x_wconf 77' lang='lat' dir='ltr'>samnitibus</span> <span class='ocrx_word' id='word_1_70' title='bbox 545 820 591 864; x_wconf 88' lang='lat' dir='ltr'>per</span> <span class='ocrx_word' id='word_1_71' title='bbox 599 805 715 852; x_wconf 79' lang='lat' dir='ltr'>Fetiales</span> <span class='ocrx_word' id='word_1_72' title='bbox 727 804 818 863; x_wconf 89' lang='lat' dir='ltr'>dediti,</span> <span class='ocrx_word' id='word_1_73' title='bbox 829 803 932 862; x_wconf 82' lang='lat' dir='ltr'>recepti</span> 
     </span>
     <span class='ocr_line' id='line_1_11' title="bbox 124 871 933 928; baseline -0.01 -5"><span class='ocrx_word' id='word_1_74' title='bbox 124 889 178 923; x_wconf 89' lang='lat' dir='ltr'>non</span> <span class='ocrx_word' id='word_1_75' title='bbox 191 877 259 921; x_wconf 88' lang='lat' dir='ltr'>sunt.</span> <span class='ocrx_word' id='word_1_76' title='bbox 294 875 335 922; x_wconf 80' lang='lat' dir='ltr'>d&#39;l.</span> <span class='ocrx_word' id='word_1_77' title='bbox 353 874 416 920; x_wconf 89' lang='lat' dir='ltr'>Post</span> <span class='ocrx_word' id='word_1_78' title='bbox 432 887 527 921; x_wconf 86' lang='lat' dir='ltr'>annum</span> <span class='ocrx_word' id='word_1_79' title='bbox 541 872 634 919; x_wconf 89' lang='lat' dir='ltr'>deinde</span> <span class='ocrx_word' id='word_1_80' title='bbox 649 874 719 918; x_wconf 92' lang='lat' dir='ltr'>urbis</span> <span class='ocrx_word' id='word_1_81' title='bbox 736 871 856 919; x_wconf 90' lang='lat' dir='ltr'>conditae</span> <span class='ocrx_word' id='word_1_82' title='bbox 866 883 933 928; x_wconf 88' lang='lat' dir='ltr'>qua-</span> 
     </span>
     <span class='ocr_line' id='line_1_12' title="bbox 124 940 931 1000; baseline -0.006 -12"><span class='ocrx_word' id='word_1_83' title='bbox 124 940 353 1000; x_wconf 77' lang='lat' dir='ltr'>dringentesimum</span> <span class='ocrx_word' id='word_1_84' title='bbox 364 942 419 988; x_wconf 85' lang='lat' dir='ltr'>lere</span> <span class='ocrx_word' id='word_1_85' title='bbox 429 943 457 988; x_wconf 87' lang='lat' dir='ltr'>et</span> <span class='ocrx_word' id='word_1_86' title='bbox 467 940 682 999; x_wconf 81' lang='lat' dir='ltr'>septuagesimum</span> <span class='ocrx_word' id='word_1_87' title='bbox 693 940 790 987; x_wconf 88' lang='lat' dir='ltr'>bellum</span> <span class='ocrx_word' id='word_1_88' title='bbox 800 953 858 986; x_wconf 90' lang='lat' dir='ltr'>cum</span> <span class='ocrx_word' id='word_1_89' title='bbox 866 951 931 996; x_wconf 86' lang='lat' dir='ltr'>rege</span> 
     </span>
     <span class='ocr_line' id='line_1_13' title="bbox 92 1005 932 1068; baseline -0.004 -14"><span class='ocrx_word' id='word_1_90' title='bbox 92 1047 98 1054; x_wconf 83' lang='lat'>.</span> <span class='ocrx_word' id='word_1_91' title='bbox 123 1008 223 1068; x_wconf 86' lang='lat' dir='ltr'>Pyrrho</span> <span class='ocrx_word' id='word_1_92' title='bbox 234 1009 345 1056; x_wconf 85' lang='lat' dir='ltr'>sumtum</span> <span class='ocrx_word' id='word_1_93' title='bbox 355 1009 402 1054; x_wconf 91' lang='lat' dir='ltr'>est.</span> <span class='ocrx_word' id='word_1_94' title='bbox 439 1010 479 1054; x_wconf 88' lang='grc'>33.</span> <span class='ocrx_word' id='word_1_95' title='bbox 497 1008 537 1054; x_wconf 83' lang='lat' dir='ltr'>Ea</span> <span class='ocrx_word' id='word_1_96' title='bbox 546 1008 698 1065; x_wconf 77' lang='lat' dir='ltr'>tempestate</span> <span class='ocrx_word' id='word_1_97' title='bbox 708 1006 838 1065; x_wconf 74' lang='lat' dir='ltr'>Epicurus</span> <span class='ocrx_word' id='word_1_98' title='bbox 848 1005 932 1052; x_wconf 73' lang='lat' dir='ltr'>Athe-</span> 
     </span>
     <span class='ocr_line' id='line_1_14' title="bbox 123 1073 931 1138; baseline -0.01 -14"><span class='ocrx_word' id='word_1_99' title='bbox 123 1075 237 1132; x_wconf 80' lang='lat' dir='ltr'>niensis,</span> <span class='ocrx_word' id='word_1_100' title='bbox 257 1077 285 1122; x_wconf 86' lang='lat' dir='ltr'>et</span> <span class='ocrx_word' id='word_1_101' title='bbox 303 1077 374 1123; x_wconf 79' lang='lat' dir='ltr'>Zeno</span> <span class='ocrx_word' id='word_1_102' title='bbox 392 1074 527 1121; x_wconf 86' lang='lat' dir='ltr'>Cittiensis</span> <span class='ocrx_word' id='word_1_103' title='bbox 540 1073 690 1133; x_wconf 82' lang='lat' dir='ltr'>philosophi</span> <span class='ocrx_word' id='word_1_104' title='bbox 705 1074 821 1121; x_wconf 84' lang='lat' dir='ltr'>celebres</span> <span class='ocrx_word' id='word_1_105' title='bbox 831 1074 931 1138; x_wconf 77' lang='lat' dir='ltr'>erant:</span> 
     </span>
     <span class='ocr_line' id='line_1_15' title="bbox 125 1139 930 1199; baseline -0.007 -9"><span class='ocrx_word' id='word_1_106' title='bbox 125 1145 166 1190; x_wconf 83' lang='grc'>33.</span> <span class='ocrx_word' id='word_1_107' title='bbox 185 1143 324 1199; x_wconf 87' lang='lat' dir='ltr'>eodemque</span> <span class='ocrx_word' id='word_1_108' title='bbox 338 1144 454 1198; x_wconf 88' lang='lat' dir='ltr'>tempore</span> <span class='ocrx_word' id='word_1_109' title='bbox 469 1143 496 1186; x_wconf 81' lang='lat' dir='ltr'>C.</span> <span class='ocrx_word' id='word_1_110' title='bbox 506 1139 643 1188; x_wconf 79' lang='lat' dir='ltr'>Fabricius</span> <span class='ocrx_word' id='word_1_111' title='bbox 652 1142 778 1187; x_wconf 86' lang='lat' dir='ltr'>Luscinus</span> <span class='ocrx_word' id='word_1_112' title='bbox 794 1140 820 1186; x_wconf 81' lang='lat' dir='ltr'>et</span> <span class='ocrx_word' id='word_1_113' title='bbox 831 1140 864 1193; x_wconf 74' lang='lat' dir='ltr'>Q.</span> <span class='ocrx_word' id='word_1_114' title='bbox 875 1140 930 1185; x_wconf 76' lang='lat' dir='ltr'>ric-</span> 
     </span>
     <span class='ocr_line' id='line_1_16' title="bbox 122 1206 930 1268; baseline -0.006 -11"><span class='ocrx_word' id='word_1_115' title='bbox 122 1209 213 1257; x_wconf 88' lang='lat' dir='ltr'>milius</span> <span class='ocrx_word' id='word_1_116' title='bbox 223 1210 309 1266; x_wconf 86' lang='lat' dir='ltr'>Papus</span> <span class='ocrx_word' id='word_1_117' title='bbox 324 1221 445 1254; x_wconf 84' lang='lat' dir='ltr'>censores</span> <span class='ocrx_word' id='word_1_118' title='bbox 456 1209 551 1253; x_wconf 86' lang='lat' dir='ltr'>Romae</span> <span class='ocrx_word' id='word_1_119' title='bbox 567 1208 683 1268; x_wconf 78' lang='lat' dir='ltr'>fuerunt5</span> <span class='ocrx_word' id='word_1_120' title='bbox 705 1211 730 1255; x_wconf 89' lang='lat' dir='ltr'>et</span> <span class='ocrx_word' id='word_1_121' title='bbox 739 1209 767 1254; x_wconf 86' lang='lat' dir='ltr'>P.</span> <span class='ocrx_word' id='word_1_122' title='bbox 778 1206 930 1254; x_wconf 86' lang='lat' dir='ltr'>cornelium</span> 
     </span>
     <span class='ocr_line' id='line_1_17' title="bbox 123 1273 929 1334; baseline -0.005 -10"><span class='ocrx_word' id='word_1_123' title='bbox 123 1277 250 1334; x_wconf 81' lang='lat' dir='ltr'>Rufinum,</span> <span class='ocrx_word' id='word_1_124' title='bbox 261 1273 354 1333; x_wconf 90' lang='lat' dir='ltr'>quibis</span> <span class='ocrx_word' id='word_1_125' title='bbox 365 1274 465 1333; x_wconf 84' lang='lat' dir='ltr'>consul,</span> <span class='ocrx_word' id='word_1_126' title='bbox 475 1276 501 1321; x_wconf 90' lang='lat' dir='ltr'>et</span> <span class='ocrx_word' id='word_1_127' title='bbox 511 1274 623 1321; x_wconf 88' lang='lat' dir='ltr'>dictator</span> <span class='ocrx_word' id='word_1_128' title='bbox 633 1276 725 1334; x_wconf 84' lang='lat' dir='ltr'>luerat,</span> <span class='ocrx_word' id='word_1_129' title='bbox 736 1276 828 1322; x_wconf 85' lang='lat' dir='ltr'>senatu</span> <span class='ocrx_word' id='word_1_130' title='bbox 838 1286 929 1321; x_wconf 87' lang='lat' dir='ltr'>move-</span> 
     </span>
     <span class='ocr_line' id='line_1_18' title="bbox 122 1341 930 1403; baseline -0.005 -12"><span class='ocrx_word' id='word_1_131' title='bbox 122 1345 198 1402; x_wconf 84' lang='lat' dir='ltr'>runt;</span> <span class='ocrx_word' id='word_1_132' title='bbox 213 1354 363 1398; x_wconf 72' lang='lat' dir='ltr'>causamque</span> <span class='ocrx_word' id='word_1_133' title='bbox 373 1341 418 1387; x_wconf 90' lang='lat' dir='ltr'>isti</span> <span class='ocrx_word' id='word_1_134' title='bbox 427 1343 505 1388; x_wconf 89' lang='lat' dir='ltr'>notae</span> <span class='ocrx_word' id='word_1_135' title='bbox 515 1342 700 1403; x_wconf 85' lang='lat' dir='ltr'>subscripsere,</span> <span class='ocrx_word' id='word_1_136' title='bbox 710 1343 778 1400; x_wconf 93' lang='lat' dir='ltr'>quod</span> <span class='ocrx_word' id='word_1_137' title='bbox 789 1355 847 1388; x_wconf 89' lang='lat' dir='ltr'>eum</span> <span class='ocrx_word' id='word_1_138' title='bbox 857 1354 930 1390; x_wconf 89' lang='lat' dir='ltr'>com-</span> 
     </span>
     <span class='ocr_line' id='line_1_19' title="bbox 123 1408 931 1473; baseline -0.004 -15"><span class='ocrx_word' id='word_1_139' title='bbox 123 1410 255 1469; x_wconf 81' lang='lat' dir='ltr'>perissent</span> <span class='ocrx_word' id='word_1_140' title='bbox 267 1409 369 1469; x_wconf 78' lang='lat' dir='ltr'>argenti</span> <span class='ocrx_word' id='word_1_141' title='bbox 384 1409 446 1455; x_wconf 85' lang='lat' dir='ltr'>lacti</span> <span class='ocrx_word' id='word_1_142' title='bbox 461 1422 559 1456; x_wconf 89' lang='lat' dir='ltr'>coenae</span> <span class='ocrx_word' id='word_1_143' title='bbox 573 1409 660 1473; x_wconf 85' lang='lat' dir='ltr'>gratia</span> <span class='ocrx_word' id='word_1_144' title='bbox 673 1410 762 1458; x_wconf 88' lang='lat' dir='ltr'>decem</span> <span class='ocrx_word' id='word_1_145' title='bbox 774 1409 863 1468; x_wconf 88' lang='lat' dir='ltr'>pondo</span> <span class='ocrx_word' id='word_1_146' title='bbox 880 1408 931 1455; x_wconf 83' lang='lat' dir='ltr'>lsa-</span> 
     </span>
     <span class='ocr_line' id='line_1_20' title="bbox 124 1475 930 1535; baseline -0.004 -10"><span class='ocrx_word' id='word_1_147' title='bbox 124 1477 195 1525; x_wconf 83' lang='lat' dir='ltr'>lscre.</span> <span class='ocrx_word' id='word_1_148' title='bbox 231 1478 272 1523; x_wconf 77' lang='lat' dir='ltr'>ld.</span> <span class='ocrx_word' id='word_1_149' title='bbox 290 1478 366 1522; x_wconf 87' lang='lat' dir='ltr'>Anno</span> <span class='ocrx_word' id='word_1_150' title='bbox 379 1476 470 1523; x_wconf 86' lang='lat' dir='ltr'>deinde</span> <span class='ocrx_word' id='word_1_151' title='bbox 480 1478 540 1534; x_wconf 92' lang='lat' dir='ltr'>post</span> <span class='ocrx_word' id='word_1_152' title='bbox 549 1476 654 1523; x_wconf 87' lang='lat' dir='ltr'>Romam</span> <span class='ocrx_word' id='word_1_153' title='bbox 664 1477 794 1523; x_wconf 88' lang='lat' dir='ltr'>conditam</span> <span class='ocrx_word' id='word_1_154' title='bbox 801 1475 930 1535; x_wconf 81' lang='lat' dir='ltr'>quadrin·</span> 
     </span>
     <span class='ocr_line' id='line_1_21' title="bbox 123 1542 930 1606; baseline 0.001 -16"><span class='ocrx_word' id='word_1_155' title='bbox 123 1542 268 1604; x_wconf 72' lang='lat' dir='ltr'>gentesimo</span> <span class='ocrx_word' id='word_1_156' title='bbox 281 1544 363 1591; x_wconf 82' lang='lat' dir='ltr'>terme</span> <span class='ocrx_word' id='word_1_157' title='bbox 372 1546 398 1590; x_wconf 89' lang='lat' dir='ltr'>et</span> <span class='ocrx_word' id='word_1_158' title='bbox 407 1542 584 1606; x_wconf 75' lang='lat' dir='ltr'>nonagesimo,</span> <span class='ocrx_word' id='word_1_159' title='bbox 595 1545 745 1592; x_wconf 88' lang='lat' dir='ltr'>consulibus</span> <span class='ocrx_word' id='word_1_160' title='bbox 755 1543 841 1602; x_wconf 81' lang='lat' dir='ltr'>Appio</span> <span class='ocrx_word' id='word_1_161' title='bbox 848 1544 930 1591; x_wconf 81' lang='lat' dir='ltr'>clau·</span> 
     </span>
     <span class='ocr_line' id='line_1_22' title="bbox 124 1607 929 1672; baseline 0.001 -15"><span class='ocrx_word' id='word_1_162' title='bbox 124 1610 184 1671; x_wconf 89' lang='lat' dir='ltr'>dio,</span> <span class='ocrx_word' id='word_1_163' title='bbox 203 1607 247 1658; x_wconf 79' lang='lat' dir='ltr'>cui</span> <span class='ocrx_word' id='word_1_164' title='bbox 260 1614 458 1669; x_wconf 73' lang='lat' dir='ltr'>cognomentum</span> <span class='ocrx_word' id='word_1_165' title='bbox 474 1608 579 1659; x_wconf 82' lang='lat' dir='ltr'>Caudex</span> <span class='ocrx_word' id='word_1_166' title='bbox 590 1610 654 1672; x_wconf 86' lang='lat' dir='ltr'>fuit,</span> <span class='ocrx_word' id='word_1_167' title='bbox 674 1611 753 1670; x_wconf 82' lang='lat' dir='ltr'>Appii</span> <span class='ocrx_word' id='word_1_168' title='bbox 763 1611 839 1658; x_wconf 87' lang='lat' dir='ltr'>illius</span> <span class='ocrx_word' id='word_1_169' title='bbox 851 1611 929 1658; x_wconf 83' lang='lat' dir='ltr'>Caeci</span> 
     </span>
     <span class='ocr_line' id='line_1_23' title="bbox 122 1676 928 1735; baseline -0.001 -10"><span class='ocrx_word' id='word_1_170' title='bbox 122 1678 206 1725; x_wconf 80' lang='lat' dir='ltr'>tratre</span> <span class='ocrx_word' id='word_1_171' title='bbox 212 1707 222 1733; x_wconf 94' lang='lat'>,</span> <span class='ocrx_word' id='word_1_172' title='bbox 240 1680 268 1724; x_wconf 87' lang='lat' dir='ltr'>et</span> <span class='ocrx_word' id='word_1_173' title='bbox 281 1678 318 1723; x_wconf 93' lang='grc' dir='ltr'>Μ.</span> <span class='ocrx_word' id='word_1_174' title='bbox 329 1676 424 1724; x_wconf 82' lang='lat' dir='ltr'>Fulvio</span> <span class='ocrx_word' id='word_1_175' title='bbox 435 1677 548 1735; x_wconf 83' lang='lat' dir='ltr'>Flacco,</span> <span class='ocrx_word' id='word_1_176' title='bbox 567 1679 666 1726; x_wconf 85' lang='lat' dir='ltr'>bellum</span> <span class='ocrx_word' id='word_1_177' title='bbox 676 1679 811 1725; x_wconf 84' lang='lat' dir='ltr'>adversum</span> <span class='ocrx_word' id='word_1_178' title='bbox 821 1678 928 1725; x_wconf 86' lang='lat' dir='ltr'>Poenos</span> 
     </span>
     <span class='ocr_line' id='line_1_24' title="bbox 122 1744 929 1805; baseline 0 -13"><span class='ocrx_word' id='word_1_179' title='bbox 122 1744 234 1804; x_wconf 83' lang='lat' dir='ltr'>primum</span> <span class='ocrx_word' id='word_1_180' title='bbox 249 1745 366 1802; x_wconf 87' lang='lat' dir='ltr'>coeptum</span> <span class='ocrx_word' id='word_1_181' title='bbox 380 1746 427 1791; x_wconf 91' lang='lat' dir='ltr'>est.</span> <span class='ocrx_word' id='word_1_182' title='bbox 461 1746 503 1791; x_wconf 79' lang='lat' dir='ltr'>ll.</span> <span class='ocrx_word' id='word_1_183' title='bbox 521 1746 612 1805; x_wconf 84' lang='lat' dir='ltr'>Neque</span> <span class='ocrx_word' id='word_1_184' title='bbox 627 1745 671 1792; x_wconf 89' lang='lat' dir='ltr'>diu</span> <span class='ocrx_word' id='word_1_185' title='bbox 684 1747 743 1804; x_wconf 87' lang='lat' dir='ltr'>post</span> <span class='ocrx_word' id='word_1_186' title='bbox 754 1745 929 1802; x_wconf 81' lang='lat' dir='ltr'>Callimachus</span> 
     </span>
     <span class='ocr_line' id='line_1_25' title="bbox 123 1810 929 1875; baseline -0.001 -14"><span class='ocrx_word' id='word_1_187' title='bbox 123 1812 217 1872; x_wconf 74' lang='lat' dir='ltr'>putta,</span> <span class='ocrx_word' id='word_1_188' title='bbox 236 1810 406 1875; x_wconf 78' lang='lat' dir='ltr'>cyrenensis,</span> <span class='ocrx_word' id='word_1_189' title='bbox 425 1811 601 1859; x_wconf 84' lang='lat' dir='ltr'>Alexandriae</span> <span class='ocrx_word' id='word_1_190' title='bbox 617 1813 683 1871; x_wconf 89' lang='lat' dir='ltr'>apud</span> <span class='ocrx_word' id='word_1_191' title='bbox 694 1812 872 1858; x_wconf 87' lang='lat' dir='ltr'>Ptolemaeum</span> <span class='ocrx_word' id='word_1_192' title='bbox 884 1825 929 1860; x_wconf 87' lang='lat' dir='ltr'>re-</span> 
     </span>
     <span class='ocr_line' id='line_1_26' title="bbox 123 1878 929 1942; baseline 0.001 -17"><span class='ocrx_word' id='word_1_193' title='bbox 123 1892 180 1938; x_wconf 78' lang='lat' dir='ltr'>gem</span> <span class='ocrx_word' id='word_1_194' title='bbox 190 1878 336 1925; x_wconf 77' lang='lat' dir='ltr'>celebratus</span> <span class='ocrx_word' id='word_1_195' title='bbox 349 1881 396 1925; x_wconf 87' lang='lat' dir='ltr'>est.</span> <span class='ocrx_word' id='word_1_196' title='bbox 422 1880 463 1942; x_wconf 74' lang='lat'>42.</span> <span class='ocrx_word' id='word_1_197' title='bbox 477 1878 560 1926; x_wconf 80' lang='lat' dir='ltr'>Annis</span> <span class='ocrx_word' id='word_1_198' title='bbox 571 1880 663 1926; x_wconf 88' lang='lat' dir='ltr'>deinde</span> <span class='ocrx_word' id='word_1_199' title='bbox 673 1883 764 1938; x_wconf 79' lang='lat' dir='ltr'>postea</span> <span class='ocrx_word' id='word_1_200' title='bbox 778 1879 858 1937; x_wconf 75' lang='lat' dir='ltr'>paulo</span> <span class='ocrx_word' id='word_1_201' title='bbox 869 1880 929 1938; x_wconf 89' lang='lat' dir='ltr'>plu·</span> 
     </span>
     <span class='ocr_line' id='line_1_27' title="bbox 121 1944 928 2006; baseline 0.001 -14"><span class='ocrx_word' id='word_1_202' title='bbox 121 1946 194 1993; x_wconf 89' lang='lat' dir='ltr'>ribus</span> <span class='ocrx_word' id='word_1_203' title='bbox 209 1958 284 2004; x_wconf 89' lang='lat' dir='ltr'>quam</span> <span class='ocrx_word' id='word_1_204' title='bbox 294 1944 402 2005; x_wconf 80' lang='lat' dir='ltr'>viginti,</span> <span class='ocrx_word' id='word_1_205' title='bbox 423 1959 479 1991; x_wconf 92' lang='lat' dir='ltr'>cum</span> <span class='ocrx_word' id='word_1_206' title='bbox 489 1946 583 1994; x_wconf 88' lang='lat' dir='ltr'>Poenis</span> <span class='ocrx_word' id='word_1_207' title='bbox 594 1961 657 2006; x_wconf 88' lang='lat' dir='ltr'>pace</span> <span class='ocrx_word' id='word_1_208' title='bbox 672 1948 751 2004; x_wconf 84' lang='lat' dir='ltr'>iacta,</span> <span class='ocrx_word' id='word_1_209' title='bbox 773 1947 928 1993; x_wconf 88' lang='lat' dir='ltr'>consulibus</span> 
     </span>
     <span class='ocr_line' id='line_1_28' title="bbox 119 2012 931 2072; baseline 0.005 -16"><span class='ocrx_word' id='word_1_210' title='bbox 119 2012 233 2060; x_wconf 72' lang='lat' dir='ltr'>Claudio</span> <span class='ocrx_word' id='word_1_211' title='bbox 244 2014 365 2071; x_wconf 81' lang='lat' dir='ltr'>centone,</span> <span class='ocrx_word' id='word_1_212' title='bbox 376 2012 455 2071; x_wconf 77' lang='lat' dir='ltr'>Appii</span> <span class='ocrx_word' id='word_1_213' title='bbox 466 2013 541 2059; x_wconf 82' lang='lat' dir='ltr'>Caeci</span> <span class='ocrx_word' id='word_1_214' title='bbox 551 2014 614 2070; x_wconf 85' lang='lat' dir='ltr'>filio,</span> <span class='ocrx_word' id='word_1_215' title='bbox 625 2017 651 2061; x_wconf 89' lang='lat' dir='ltr'>et</span> <span class='ocrx_word' id='word_1_216' title='bbox 661 2016 697 2059; x_wconf 90' lang='grc' dir='ltr'>Μ.</span> <span class='ocrx_word' id='word_1_217' title='bbox 708 2013 864 2072; x_wconf 82' lang='lat' dir='ltr'>Sempronio</span> <span class='ocrx_word' id='word_1_218' title='bbox 873 2014 931 2060; x_wconf 82' lang='lat' dir='ltr'>Tu-</span> 
     </span>
     <span class='ocr_line' id='line_1_29' title="bbox 125 2078 929 2141; baseline 0.001 -14"><span class='ocrx_word' id='word_1_219' title='bbox 125 2078 230 2140; x_wconf 81' lang='lat' dir='ltr'>ditano,</span> <span class='ocrx_word' id='word_1_220' title='bbox 249 2080 347 2139; x_wconf 88' lang='lat' dir='ltr'>primus</span> <span class='ocrx_word' id='word_1_221' title='bbox 362 2079 475 2125; x_wconf 93' lang='lat' dir='ltr'>omnium</span> <span class='ocrx_word' id='word_1_222' title='bbox 484 2081 514 2125; x_wconf 87' lang='lat' dir='ltr'>L.</span> <span class='ocrx_word' id='word_1_223' title='bbox 525 2080 615 2127; x_wconf 80' lang='lat' dir='ltr'>Livius</span> <span class='ocrx_word' id='word_1_224' title='bbox 626 2083 705 2141; x_wconf 74' lang='lat' dir='ltr'>poeta</span> <span class='ocrx_word' id='word_1_225' title='bbox 720 2082 820 2127; x_wconf 81' lang='lat' dir='ltr'>tabulas</span> <span class='ocrx_word' id='word_1_226' title='bbox 834 2082 929 2129; x_wconf 90' lang='lat' dir='ltr'>docere</span> 
     </span>
     <span class='ocr_line' id='line_1_30' title="bbox 123 2146 928 2206; baseline 0.001 -14"><span class='ocrx_word' id='word_1_227' title='bbox 123 2146 219 2193; x_wconf 81' lang='lat' dir='ltr'>Romae</span> <span class='ocrx_word' id='word_1_228' title='bbox 235 2147 328 2206; x_wconf 84' lang='lat' dir='ltr'>coepit,</span> <span class='ocrx_word' id='word_1_229' title='bbox 347 2149 408 2205; x_wconf 83' lang='lat' dir='ltr'>post</span> <span class='ocrx_word' id='word_1_230' title='bbox 418 2146 555 2205; x_wconf 90' lang='lat' dir='ltr'>Sophoclis</span> <span class='ocrx_word' id='word_1_231' title='bbox 571 2150 597 2194; x_wconf 89' lang='lat' dir='ltr'>et</span> <span class='ocrx_word' id='word_1_232' title='bbox 607 2147 739 2206; x_wconf 85' lang='lat' dir='ltr'>Euripidis</span> <span class='ocrx_word' id='word_1_233' title='bbox 754 2151 863 2194; x_wconf 83' lang='lat' dir='ltr'>mortem</span> <span class='ocrx_word' id='word_1_234' title='bbox 879 2161 928 2193; x_wconf 90' lang='lat' dir='ltr'>an-</span> 
     </span>
     <span class='ocr_line' id='line_1_31' title="bbox 122 2211 927 2274; baseline 0.001 -14"><span class='ocrx_word' id='word_1_235' title='bbox 122 2212 165 2260; x_wconf 88' lang='lat' dir='ltr'>nis</span> <span class='ocrx_word' id='word_1_236' title='bbox 179 2213 239 2271; x_wconf 86' lang='lat' dir='ltr'>plus</span> <span class='ocrx_word' id='word_1_237' title='bbox 250 2214 305 2260; x_wconf 88' lang='lat' dir='ltr'>iere</span> <span class='ocrx_word' id='word_1_238' title='bbox 317 2211 422 2259; x_wconf 85' lang='lat' dir='ltr'>oeirtum</span> <span class='ocrx_word' id='word_1_239' title='bbox 431 2216 457 2259; x_wconf 88' lang='lat' dir='ltr'>et</span> <span class='ocrx_word' id='word_1_240' title='bbox 467 2216 619 2273; x_wconf 79' lang='lat' dir='ltr'>sexaginta,</span> <span class='ocrx_word' id='word_1_241' title='bbox 634 2218 693 2274; x_wconf 88' lang='lat' dir='ltr'>post</span> <span class='ocrx_word' id='word_1_242' title='bbox 702 2215 838 2261; x_wconf 86' lang='lat' dir='ltr'>lllenandri</span> <span class='ocrx_word' id='word_1_243' title='bbox 850 2214 927 2261; x_wconf 87' lang='lat' dir='ltr'>annis</span> 
     </span>
     <span class='ocr_line' id='line_1_32' title="bbox 123 2279 926 2338; baseline 0.002 -13"><span class='ocrx_word' id='word_1_244' title='bbox 123 2279 227 2326; x_wconf 87' lang='lat' dir='ltr'>circiter</span> <span class='ocrx_word' id='word_1_245' title='bbox 238 2279 424 2338; x_wconf 82' lang='lat' dir='ltr'>quinquaginta</span> <span class='ocrx_word' id='word_1_246' title='bbox 435 2279 542 2327; x_wconf 90' lang='lat' dir='ltr'>duobus.</span> <span class='ocrx_word' id='word_1_247' title='bbox 578 2285 618 2328; x_wconf 81' lang='grc'>43.</span> <span class='ocrx_word' id='word_1_248' title='bbox 635 2281 769 2328; x_wconf 83' lang='lat' dir='ltr'>Claudium</span> <span class='ocrx_word' id='word_1_249' title='bbox 781 2284 807 2328; x_wconf 90' lang='lat' dir='ltr'>et</span> <span class='ocrx_word' id='word_1_250' title='bbox 816 2280 926 2327; x_wconf 85' lang='lat' dir='ltr'>Tudita-</span> 
     </span>
     <span class='ocr_line' id='line_1_33' title="bbox 119 2346 927 2408; baseline 0.001 -16"><span class='ocrx_word' id='word_1_251' title='bbox 119 2359 186 2408; x_wconf 83' lang='lat' dir='ltr'>num</span> <span class='ocrx_word' id='word_1_252' title='bbox 204 2346 325 2392; x_wconf 87' lang='lat' dir='ltr'>consules</span> <span class='ocrx_word' id='word_1_253' title='bbox 344 2349 486 2404; x_wconf 87' lang='lat' dir='ltr'>sequuntur</span> <span class='ocrx_word' id='word_1_254' title='bbox 507 2349 539 2402; x_wconf 73' lang='lat' dir='ltr'>Q.</span> <span class='ocrx_word' id='word_1_255' title='bbox 554 2348 677 2395; x_wconf 89' lang='lat' dir='ltr'>Valerius</span> <span class='ocrx_word' id='word_1_256' title='bbox 696 2351 722 2395; x_wconf 86' lang='lat' dir='ltr'>et</span> <span class='ocrx_word' id='word_1_257' title='bbox 741 2349 769 2394; x_wconf 85' lang='lat' dir='ltr'>C.</span> <span class='ocrx_word' id='word_1_258' title='bbox 785 2348 927 2405; x_wconf 59' lang='lat' dir='ltr'>Manilium</span> 
     </span>
     <span class='ocr_line' id='line_1_34' title="bbox 122 2411 929 2474; baseline 0.005 -18"><span class='ocrx_word' id='word_1_259' title='bbox 122 2411 213 2469; x_wconf 86' lang='lat' dir='ltr'>quibus</span> <span class='ocrx_word' id='word_1_260' title='bbox 227 2413 315 2457; x_wconf 83' lang='lat' dir='ltr'>natum</span> <span class='ocrx_word' id='word_1_261' title='bbox 332 2426 390 2459; x_wconf 89' lang='lat' dir='ltr'>esse</span> <span class='ocrx_word' id='word_1_262' title='bbox 401 2414 432 2467; x_wconf 74' lang='lat' dir='ltr'>Q.</span> <span class='ocrx_word' id='word_1_263' title='bbox 444 2414 555 2461; x_wconf 81' lang='lat' dir='ltr'>Ennium</span> <span class='ocrx_word' id='word_1_264' title='bbox 569 2418 670 2474; x_wconf 72' lang='lat' dir='ltr'>potitam</span> <span class='ocrx_word' id='word_1_265' title='bbox 681 2417 718 2461; x_wconf 87' lang='grc' dir='ltr'>Μ.</span> <span class='ocrx_word' id='word_1_266' title='bbox 729 2416 814 2462; x_wconf 85' lang='lat' dir='ltr'>Varro</span> <span class='ocrx_word' id='word_1_267' title='bbox 829 2415 856 2460; x_wconf 91' lang='lat' dir='ltr'>in</span> <span class='ocrx_word' id='word_1_268' title='bbox 872 2414 929 2473; x_wconf 91' lang='lat' dir='ltr'>pri-</span> 
     </span>
     <span class='ocr_line' id='line_1_35' title="bbox 113 2477 930 2541; baseline 0.006 -18"><span class='ocrx_word' id='word_1_269' title='bbox 113 2490 163 2528; x_wconf 77' lang='lat' dir='ltr'>,mo</span> <span class='ocrx_word' id='word_1_270' title='bbox 179 2477 218 2522; x_wconf 84' lang='lat' dir='ltr'>Dc</span> <span class='ocrx_word' id='word_1_271' title='bbox 234 2478 323 2524; x_wconf 76' lang='lat' dir='ltr'>Podtis</span> <span class='ocrx_word' id='word_1_272' title='bbox 338 2479 405 2525; x_wconf 87' lang='lat' dir='ltr'>libro</span> <span class='ocrx_word' id='word_1_273' title='bbox 420 2480 536 2539; x_wconf 88' lang='lat' dir='ltr'>scripsit:</span> <span class='ocrx_word' id='word_1_274' title='bbox 556 2495 663 2540; x_wconf 91' lang='lat' dir='ltr'>eumque</span> <span class='ocrx_word' id='word_1_275' title='bbox 682 2497 738 2528; x_wconf 87' lang='lat' dir='ltr'>cum</span> <span class='ocrx_word' id='word_1_276' title='bbox 753 2481 889 2541; x_wconf 89' lang='lat' dir='ltr'>septimum</span> <span class='ocrx_word' id='word_1_277' title='bbox 902 2486 930 2528; x_wconf 85' lang='lat' dir='ltr'>et</span> 
     </span>
     <span class='ocr_line' id='line_1_36' title="bbox 122 2542 928 2606; baseline 0.006 -17"><span class='ocrx_word' id='word_1_278' title='bbox 122 2542 312 2601; x_wconf 77' lang='lat' dir='ltr'>sexagesimum</span> <span class='ocrx_word' id='word_1_279' title='bbox 322 2558 415 2590; x_wconf 84' lang='lat' dir='ltr'>anuum</span> <span class='ocrx_word' id='word_1_280' title='bbox 426 2550 523 2606; x_wconf 77' lang='lat' dir='ltr'>ageret,</span> <span class='ocrx_word' id='word_1_281' title='bbox 539 2549 715 2595; x_wconf 89' lang='lat' dir='ltr'>duodecimum</span> <span class='ocrx_word' id='word_1_282' title='bbox 722 2548 849 2595; x_wconf 89' lang='lat' dir='ltr'>Annalem</span> <span class='ocrx_word' id='word_1_283' title='bbox 860 2549 928 2594; x_wconf 89' lang='lat' dir='ltr'>scri-</span> 
     </span>
     <span class='ocr_line' id='line_1_37' title="bbox 121 2609 928 2667; baseline 0.01 -14"><span class='ocrx_word' id='word_1_284' title='bbox 121 2609 213 2667; x_wconf 87' lang='lat' dir='ltr'>psisse,</span> <span class='ocrx_word' id='word_1_285' title='bbox 229 2609 307 2667; x_wconf 87' lang='lat' dir='ltr'>idque</span> <span class='ocrx_word' id='word_1_286' title='bbox 317 2610 400 2667; x_wconf 89' lang='lat' dir='ltr'>ipsum</span> <span class='ocrx_word' id='word_1_287' title='bbox 410 2611 523 2665; x_wconf 84' lang='lat' dir='ltr'>Ennium</span> <span class='ocrx_word' id='word_1_288' title='bbox 534 2615 561 2659; x_wconf 89' lang='lat' dir='ltr'>in</span> <span class='ocrx_word' id='word_1_289' title='bbox 571 2617 661 2662; x_wconf 91' lang='lat' dir='ltr'>eodem</span> <span class='ocrx_word' id='word_1_290' title='bbox 671 2616 739 2662; x_wconf 90' lang='lat' dir='ltr'>libro</span> <span class='ocrx_word' id='word_1_291' title='bbox 751 2616 847 2661; x_wconf 88' lang='lat' dir='ltr'>dicere.</span> <span class='ocrx_word' id='word_1_292' title='bbox 882 2616 928 2661; x_wconf 79' lang='lat'>44.</span> 
     </span>
     <span class='ocr_line' id='line_1_38' title="bbox 120 2674 928 2743; baseline 0.005 -21"><span class='ocrx_word' id='word_1_293' title='bbox 120 2676 197 2722; x_wconf 80' lang='lat' dir='ltr'>Anno</span> <span class='ocrx_word' id='word_1_294' title='bbox 208 2674 301 2722; x_wconf 87' lang='lat' dir='ltr'>deinde</span> <span class='ocrx_word' id='word_1_295' title='bbox 311 2677 478 2735; x_wconf 79' lang='lat' dir='ltr'>postssomam</span> <span class='ocrx_word' id='word_1_296' title='bbox 489 2682 619 2731; x_wconf 82' lang='lat' dir='ltr'>conditam</span> <span class='ocrx_word' id='word_1_297' title='bbox 629 2683 836 2743; x_wconf 79' lang='lat' dir='ltr'>quingentesimo</span> <span class='ocrx_word' id='word_1_298' title='bbox 845 2681 928 2731; x_wconf 88' lang='lat' dir='ltr'>unde-</span> 
     </span>
    </p>
   </div>
   <div class='ocr_carea' id='block_1_3' title="bbox 0 0 1038 3034">
    <p class='ocr_par' dir='ltr' id='par_1_3' title="bbox 0 0 1038 3034">
     <span class='ocr_line' id='line_1_39' title="bbox 0 0 1038 3034; baseline 0 2"><span class='ocrx_word' id='word_1_299' title='bbox 0 0 1038 3034; x_wconf 95' lang='lat' dir='ltr'> </span> 
     </span>
    </p>
   </div>
  </div>
 </body>
</html>
