2067 3034
157 127 214 191 ooo
365 169 369 178 ,
413 129 522 177 suus
557 127 741 177 cunum

164 250 300 308 intonsae,
311 249 388 306 atque
399 247 454 294 slio
462 246 539 293 male.
573 250 597 293 5.
615 246 690 302 Quod
702 258 760 293 cum
772 246 811 294 ita
820 246 866 298 sit.
879 248 979 309 inquit,

163 324 191 364 ut
202 318 230 363 iu
239 318 318 364 rebus
327 315 444 362 humanis
453 316 519 361 bene
529 315 573 360 aut
583 316 652 360 male
662 314 720 360 vice
731 315 836 361 alterna
846 315 897 361 sit:
913 318 980 362 haee

164 385 242 432 biduo
257 383 344 430 medio
359 383 528 429 intervallata
542 383 622 428 febris
636 384 733 438 quanto
748 385 791 429 est
799 383 978 439 fortunatior,

164 453 192 502 iu
201 465 252 509 qua
261 455 301 499 est
309 450 359 514 μία
368 443 491 512 μητρυιὰ,
502 441 549 495 δύο
559 445 688 513 μητέρεςί

408 579 594 631 CAPUT
629 579 719 632 Xlll.

194 662 265 712 Quin
275 662 395 717 metiente
405 668 459 720 quot
469 664 588 719 quaterque
595 661 722 704 varietates
734 657 926 716 significationis
935 661 975 705 Ire·

221 719 281 768 teat,
292 725 315 762 et
324 732 392 775 quem
400 730 466 773 saepe
475 718 500 760 in
508 725 609 762 eremum
617 717 711 774 seriptis
720 719 819 760 obscura
827 718 869 761 eit.

200 797 223 841 1.
247 796 313 852 Quin
327 793 468 853 particula,
487 805 563 850 quam
580 793 738 852 grammatici
757 793 977 840 coniunctionem

166 862 307 920 appellant,
316 861 396 908 variis
406 861 490 907 modis
503 860 691 919 sententiisque
702 864 861 907 connectere
873 862 977 907 oratio-

165 941 224 975 nem
234 929 343 975 ridetur.
372 931 395 974 2.
415 928 500 974 Aliter
509 927 576 974 enim
588 927 640 974 diei
649 929 764 986 putatur,
776 942 834 973 cum
844 928 925 983 quasi
936 929 977 974 in·

166 998 311 1055 crepantes.
332 995 375 1042 vet
389 995 591 1053 interrogantes,
611 996 653 1040 vet
664 995 835 1041 exhortantes
846 994 975 1042 dicimus:

167 1066 234 1121 Quin
243 1059 333 1111 cenis?
348 1066 408 1122 quin
418 1061 500 1122 tegis?
513 1059 676 1122 quinfugr'e?
693 1062 780 1120 aliter,
792 1076 851 1108 cum
861 1062 904 1109 ita
915 1059 976 1108 eon-

166 1131 307 1177 tirmamus:
325 1130 382 1175 Non
392 1131 494 1174 detinni
503 1136 552 1184 eet,
566 1143 628 1189 quer
640 1130 676 1177 M.
692 1131 792 1176 Tulliae
808 1131 927 1175 omnium
943 1134 976 1177 sut

165 1198 402 1257 eloquentissima
410 1195 489 1243 aliter
497 1198 590 1256 autem,
598 1209 654 1242 enm
661 1189 698 1242 sic
707 1195 900 1254 componimus,
907 1196 974 1255 quot

166 1263 239 1321 quasi
258 1263 341 1321 priori
360 1263 463 1309 videtur
482 1263 655 1309 contrarium:
678 1264 736 1311 Non
754 1265 853 1310 ideireo
872 1273 975 1313 causae

166 1332 299 1379 leocrates
308 1345 358 1376 non
369 1330 491 1391 defendit,
496 1330 558 1390 quin
567 1332 597 1377 id
604 1331 668 1375 utile
678 1344 733 1377 eece
742 1338 770 1376 et
778 1331 919 1377 honestum
928 1345 974 1378 er·

165 1399 305 1444 tettmare’t:
333 1399 356 1444 3.
371 1410 446 1453 aquo
463 1397 511 1444 illc
526 1396 683 1455 significatio
693 1412 745 1444 non
756 1398 893 1455 abhorret,
910 1411 972 1457 quae
1018 1391 1019 1406 ¹

167 1468 206 1511 est
217 1465 244 1510 in
255 1464 331 1511 tertia
343 1465 450 1523 Origine
460 1466 495 1510 M.
508 1464 627 1511 Catonis:
656 1465 739 1511 traua
746 1480 802 1520 eos,
819 1465 924 1524 inquit,
943 1480 970 1511 eo

163 1539 322 1593 postremum
336 1534 436 1590 ecrite,
445 1545 448 1550 ·
457 1527 523 1592 φαίη
530 1533 626 1592 popula·
636 1539 663 1577 et
673 1532 767 1578 boniet
777 1537 884 1579 strenue·
896 1537 969 1579 sient.

166 1602 192 1645 4.
210 1601 240 1644 ln
255 1600 366 1645 secunda
380 1613 480 1657 quoquc
491 1598 598 1657 Origine
607 1600 644 1647 ns.
655 1600 719 1645 cato
733 1613 787 1647 non
801 1600 882 1659 longe
898 1611 969 1647 secus

166 1665 214 1713 hac
225 1666 351 1723 particula
359 1679 420 1712 usus
430 1669 482 1712 est:
500 1667 587 1727 Neque
597 1668 674 1720 entis,
684 1666 777 1726 inquit,
788 1666 894 1724 indicit,
906 1667 971 1729 quoti

166 1740 222 1781 tum
230 1736 258 1780 in
271 1733 372 1779 occulto
382 1733 537 1792 vitiaverat,
549 1736 609 1795 quin
618 1734 784 1794 etuefamane
791 1737 969 1793 prostituerit.

168 1805 191 1849 5.
209 1801 348 1848 Praeterea
364 1799 589 1847 animadvertimus
607 1800 809 1859 Quadrigarium
826 1801 856 1849 in
876 1806 967 1848 octavo

165 1868 304 1916 Annalium
314 1867 441 1927 porticula
451 1869 501 1915 ista
511 1881 586 1915 usum
597 1880 654 1914 esse
665 1868 857 1915 obscurissime.
883 1870 967 1929 Ipsius

165 1939 246 1983 verba
258 1935 402 1995 posuimus:
423 1936 532 1982 Romans
541 1937 627 1993 Μαίη
644 1938 691 1982 eie·
700 1944 825 1994 ruperat,
844 1941 908 1997 quta
922 1940 968 1983 trt-

165 2003 272 2064 umplms
282 2003 446 2049 decernatur.
481 2006 505 2047 o.
523 2004 588 2048 Item
602 2002 631 2047 in
647 2007 723 2049 sexto
739 2003 835 2049 Annali
853 2004 967 2051 eiusdem

165 2074 245 2118 verbe
259 2072 324 2117 haee
340 2072 414 2118 sunt:
432 2070 632 2130 Paenefactum
641 2076 688 2123 eet.
709 2073 770 2131 quin
781 2078 876 2118 eastra
885 2074 967 2118 relta-

165 2145 286 2199 querent,
302 2145 381 2198 atque
395 2137 515 2184 cederent
524 2136 601 2184 horti.
636 2138 660 2182 i.
675 2139 735 2184 Non
743 2151 784 2183 me
795 2141 881 2184 autem
892 2151 968 2197 praru

164 2206 236 2264 serit,
247 2205 333 2251 dicere
343 2204 455 2262 aliquem
466 2217 543 2263 posse
553 2204 584 2250 de
594 2218 691 2251 summo
703 2207 817 2265 pectore,
832 2206 901 2251 nihil
912 2219 967 2252 esse

165 2272 194 2319 in
203 2272 243 2318 his
253 2272 338 2319 verbis
349 2272 461 2331 negotii3
479 2274 503 2317 8.
513 2286 573 2318 nam
581 2273 644 2332 quin
651 2272 787 2329 utrobique
797 2273 911 2330 positum
922 2269 974 2331 pro'

165 2346 211 2396 ee,·
229 2338 456 2396 planissimumque
471 2351 540 2396 esse,
559 2339 633 2385 sitta
649 2339 738 2386 dicas:
760 2340 871 2386 Romam
889 2342 966 2399 venit,

163 2407 212 2451 ete·
220 2412 331 2463 superat
338 2411 368 2450 ut
376 2406 522 2465 triumphus
532 2407 701 2465 decernatur3
717 2406 779 2452 item
789 2406 844 2452 elio
854 2406 884 2453 in
894 2408 964 2453 loco:

163 2469 252 2516 Paene
259 2470 366 2531 factam
375 2477 428 2533 eet,
447 2479 477 2518 ot
490 2479 585 2518 caetra
595 2474 782 2535 relinquerent,
803 2479 883 2534 atque
894 2474 965 2519 eede-

164 2542 226 2583 rent
234 2535 311 2581 terit.
347 2540 371 2582 9.
390 2538 441 2583 Sed
449 2540 556 2585 utantur
566 2552 636 2598 sane,
652 2540 697 2598 qui
706 2543 759 2586 tam
770 2540 888 2599 expediti
897 2543 963 2596 sunt,

164 2600 291 2661 perfugiis
302 2604 529 2650 commutationum
538 2605 565 2651 in
577 2606 668 2666 verbis,
676 2621 740 2663 quae
751 2620 803 2653 non
813 2606 960 2665 intelligun-

166 2672 221 2715 tur:
238 2669 344 2715 utantur
352 2672 445 2729 tamn,
454 2671 499 2716 ubi
509 2671 536 2716 id
546 2672 632 2720 faeere
644 2676 772 2732 poterunt,
787 2674 955 2720 verecundius

423 2833 435 2904 t
