<?xml version="1.0" encoding="UTF-8"?>
<!DOCTYPE html PUBLIC "-//W3C//DTD XHTML 1.0 Transitional//EN"
    "http://www.w3.org/TR/xhtml1/DTD/xhtml1-transitional.dtd">
<html xmlns="http://www.w3.org/1999/xhtml" xml:lang="en" lang="en">
 <head>
  <title>
</title>
<meta http-equiv="Content-Type" content="text/html;charset=utf-8" />
  <meta name='ocr-system' content='tesseract 3.04.00' />
  <meta name='ocr-capabilities' content='ocr_page ocr_carea ocr_par ocr_line ocrx_word'/>
</head>
<body>
  <div class='ocr_page' id='page_1' title='image "auligelliinocte04gellgoog_0325.png"; bbox 0 0 2067 3034; ppageno 0'>
   <div class='ocr_carea' id='block_1_1' title="bbox 299 108 874 176">
    <p class='ocr_par' dir='ltr' id='par_1_1' title="bbox 299 108 874 176">
     <span class='ocr_line' id='line_1_1' title="bbox 299 108 874 176; baseline 0.016 -19"><span class='ocrx_word' id='word_1_1' title='bbox 299 110 373 157; x_wconf 84' lang='lat' dir='ltr'><strong>arn.</strong></span> <span class='ocrx_word' id='word_1_2' title='bbox 392 108 474 157; x_wconf 78' lang='lat' dir='ltr'><strong>xiv.</strong></span> <span class='ocrx_word' id='word_1_3' title='bbox 510 110 591 160; x_wconf 80' lang='lat' dir='ltr'><strong>cnr.</strong></span> <span class='ocrx_word' id='word_1_4' title='bbox 609 111 634 158; x_wconf 91' lang='lat'><strong>1.</strong></span> <span class='ocrx_word' id='word_1_5' title='bbox 701 155 710 176; x_wconf 70' lang='grc'><strong><em>,</em></strong></span> <span class='ocrx_word' id='word_1_6' title='bbox 821 110 874 166; x_wconf 76' lang='lat' dir='ltr'><strong>aas</strong></span> 
     </span>
    </p>
   </div>
   <div class='ocr_carea' id='block_1_2' title="bbox 63 227 874 2716">
    <p class='ocr_par' dir='ltr' id='par_1_2' title="bbox 63 227 874 2716">
     <span class='ocr_line' id='line_1_2' title="bbox 64 227 872 289; baseline 0.004 -11"><span class='ocrx_word' id='word_1_7' title='bbox 64 229 177 288; x_wconf 87' lang='lat' dir='ltr'><strong>minum,</strong></span> <span class='ocrx_word' id='word_1_8' title='bbox 197 228 242 286; x_wconf 83' lang='lat' dir='ltr'><strong>qui</strong></span> <span class='ocrx_word' id='word_1_9' title='bbox 258 228 485 288; x_wconf 72' lang='lat' dir='ltr'><strong>postramanuu,</strong></span> <span class='ocrx_word' id='word_1_10' title='bbox 503 227 626 274; x_wconf 80' lang='lat' dir='ltr'><strong>exordia:</strong></span> <span class='ocrx_word' id='word_1_11' title='bbox 643 228 798 288; x_wconf 74' lang='lat' dir='ltr'><strong>imparilitas</strong></span> <span class='ocrx_word' id='word_1_12' title='bbox 808 233 872 289; x_wconf 80' lang='lat' dir='ltr'><strong>haee</strong></span> 
     </span>
     <span class='ocr_line' id='line_1_3' title="bbox 63 291 872 356; baseline 0.006 -13"><span class='ocrx_word' id='word_1_13' title='bbox 63 299 154 346; x_wconf 89' lang='lat' dir='ltr'><strong>turbat</strong></span> <span class='ocrx_word' id='word_1_14' title='bbox 170 296 395 356; x_wconf 67' lang='lat' dir='ltr'><strong>abscinthium,</strong></span> <span class='ocrx_word' id='word_1_15' title='bbox 414 291 548 352; x_wconf 87' lang='lat' dir='ltr'><strong>omnisque</strong></span> <span class='ocrx_word' id='word_1_16' title='bbox 561 296 629 341; x_wconf 86' lang='lat' dir='ltr'><strong>ratio</strong></span> <span class='ocrx_word' id='word_1_17' title='bbox 645 296 798 356; x_wconf 86' lang='lat' dir='ltr'><strong>disciplinae</strong></span> <span class='ocrx_word' id='word_1_18' title='bbox 809 315 872 348; x_wconf 85' lang='lat' dir='ltr'><strong>cou-</strong></span> 
     </span>
     <span class='ocr_line' id='line_1_4' title="bbox 64 362 872 416; baseline 0.001 -3"><span class='ocrx_word' id='word_1_19' title='bbox 64 363 197 413; x_wconf 82' lang='lat' dir='ltr'><strong>tunditur.</strong></span> <span class='ocrx_word' id='word_1_20' title='bbox 232 367 275 411; x_wconf 78' lang='lat'><strong>23.</strong></span> <span class='ocrx_word' id='word_1_21' title='bbox 293 366 348 410; x_wconf 90' lang='lat' dir='ltr'><strong>lam</strong></span> <span class='ocrx_word' id='word_1_22' title='bbox 362 376 426 410; x_wconf 83' lang='lat' dir='ltr'><strong>vero</strong></span> <span class='ocrx_word' id='word_1_23' title='bbox 441 362 469 408; x_wconf 86' lang='lat' dir='ltr'><strong>id</strong></span> <span class='ocrx_word' id='word_1_24' title='bbox 480 363 586 409; x_wconf 87' lang='lat' dir='ltr'><strong>minime</strong></span> <span class='ocrx_word' id='word_1_25' title='bbox 601 365 735 411; x_wconf 83' lang='lat' dir='ltr'><strong>ferendum</strong></span> <span class='ocrx_word' id='word_1_26' title='bbox 744 379 801 413; x_wconf 90' lang='lat' dir='ltr'><strong>esse</strong></span> <span class='ocrx_word' id='word_1_27' title='bbox 812 383 872 416; x_wconf 89' lang='lat' dir='ltr'><strong>ceu-</strong></span> 
     </span>
     <span class='ocr_line' id='line_1_5' title="bbox 65 431 874 493; baseline 0.002 -13"><span class='ocrx_word' id='word_1_28' title='bbox 65 433 152 493; x_wconf 80' lang='lat' dir='ltr'><strong>selsat,</strong></span> <span class='ocrx_word' id='word_1_29' title='bbox 173 432 241 491; x_wconf 89' lang='lat' dir='ltr'><strong>quod</strong></span> <span class='ocrx_word' id='word_1_30' title='bbox 251 443 305 477; x_wconf 90' lang='lat' dir='ltr'><strong>non</strong></span> <span class='ocrx_word' id='word_1_31' title='bbox 318 431 396 477; x_wconf 90' lang='lat' dir='ltr'><strong>modo</strong></span> <span class='ocrx_word' id='word_1_32' title='bbox 412 443 486 477; x_wconf 87' lang='lat' dir='ltr'><strong>casus</strong></span> <span class='ocrx_word' id='word_1_33' title='bbox 496 432 524 476; x_wconf 87' lang='lat' dir='ltr'><strong>et</strong></span> <span class='ocrx_word' id='word_1_34' title='bbox 533 433 639 487; x_wconf 85' lang='lat' dir='ltr'><strong>eventa,</strong></span> <span class='ocrx_word' id='word_1_35' title='bbox 661 445 724 489; x_wconf 86' lang='lat' dir='ltr'><strong>quae</strong></span> <span class='ocrx_word' id='word_1_36' title='bbox 738 434 874 482; x_wconf 84' lang='lat' dir='ltr'><strong>evenirent</strong></span> 
     </span>
     <span class='ocr_line' id='line_1_6' title="bbox 65 497 873 557; baseline 0.002 -10"><span class='ocrx_word' id='word_1_37' title='bbox 65 499 243 555; x_wconf 86' lang='lat' dir='ltr'><strong>extrinsecus,</strong></span> <span class='ocrx_word' id='word_1_38' title='bbox 256 499 301 545; x_wconf 90' lang='lat' dir='ltr'><strong>sed</strong></span> <span class='ocrx_word' id='word_1_39' title='bbox 312 497 426 545; x_wconf 90' lang='lat' dir='ltr'><strong>consilia</strong></span> <span class='ocrx_word' id='word_1_40' title='bbox 435 509 535 556; x_wconf 89' lang='lat' dir='ltr'><strong>quoque</strong></span> <span class='ocrx_word' id='word_1_41' title='bbox 545 498 677 545; x_wconf 87' lang='lat' dir='ltr'><strong>hominum</strong></span> <span class='ocrx_word' id='word_1_42' title='bbox 687 500 753 557; x_wconf 88' lang='lat' dir='ltr'><strong>ipsa,</strong></span> <span class='ocrx_word' id='word_1_43' title='bbox 767 505 794 548; x_wconf 93' lang='lat' dir='ltr'><strong>et</strong></span> <span class='ocrx_word' id='word_1_44' title='bbox 804 502 873 549; x_wconf 88' lang='lat' dir='ltr'><strong>arbi·</strong></span> 
     </span>
     <span class='ocr_line' id='line_1_7' title="bbox 64 565 872 625; baseline 0.001 -11"><span class='ocrx_word' id='word_1_45' title='bbox 64 567 131 625; x_wconf 89' lang='lat' dir='ltr'><strong>tria,</strong></span> <span class='ocrx_word' id='word_1_46' title='bbox 150 568 176 613; x_wconf 88' lang='lat' dir='ltr'><strong>et</strong></span> <span class='ocrx_word' id='word_1_47' title='bbox 185 568 271 613; x_wconf 82' lang='lat' dir='ltr'><strong>varias</strong></span> <span class='ocrx_word' id='word_1_48' title='bbox 286 567 434 612; x_wconf 88' lang='lat' dir='ltr'><strong>voluntates</strong></span> <span class='ocrx_word' id='word_1_49' title='bbox 445 565 669 624; x_wconf 84' lang='lat' dir='ltr'><strong>appetitionesque</strong></span> <span class='ocrx_word' id='word_1_50' title='bbox 680 571 706 613; x_wconf 89' lang='lat' dir='ltr'><strong>et</strong></span> <span class='ocrx_word' id='word_1_51' title='bbox 716 569 872 616; x_wconf 90' lang='lat' dir='ltr'><strong>declinatio-</strong></span> 
     </span>
     <span class='ocr_line' id='line_1_8' title="bbox 64 632 872 694; baseline 0.001 -12"><span class='ocrx_word' id='word_1_52' title='bbox 64 648 131 694; x_wconf 82' lang='lat' dir='ltr'><strong>nes,</strong></span> <span class='ocrx_word' id='word_1_53' title='bbox 152 636 178 680; x_wconf 87' lang='lat' dir='ltr'><strong>ct</strong></span> <span class='ocrx_word' id='word_1_54' title='bbox 188 633 313 681; x_wconf 79' lang='lat' dir='ltr'><strong>fortuitos</strong></span> <span class='ocrx_word' id='word_1_55' title='bbox 327 632 528 692; x_wconf 75' lang='lat' dir='ltr'><strong>repentinosque</strong></span> <span class='ocrx_word' id='word_1_56' title='bbox 539 632 565 678; x_wconf 89' lang='lat' dir='ltr'><strong>iu</strong></span> <span class='ocrx_word' id='word_1_57' title='bbox 576 634 717 680; x_wconf 83' lang='lat' dir='ltr'><strong>levissimis</strong></span> <span class='ocrx_word' id='word_1_58' title='bbox 726 638 804 682; x_wconf 89' lang='lat' dir='ltr'><strong>rebus</strong></span> <span class='ocrx_word' id='word_1_59' title='bbox 814 638 872 683; x_wconf 89' lang='lat' dir='ltr'><strong>ani·</strong></span> 
     </span>
     <span class='ocr_line' id='line_1_9' title="bbox 65 700 873 763; baseline 0.002 -14"><span class='ocrx_word' id='word_1_60' title='bbox 65 714 169 749; x_wconf 89' lang='lat' dir='ltr'><strong>morum</strong></span> <span class='ocrx_word' id='word_1_61' title='bbox 178 700 289 759; x_wconf 89' lang='lat' dir='ltr'><strong>impetus</strong></span> <span class='ocrx_word' id='word_1_62' title='bbox 300 711 479 758; x_wconf 67' lang='lat' dir='ltr'><strong>recentiaque,</strong></span> <span class='ocrx_word' id='word_1_63' title='bbox 493 700 594 746; x_wconf 82' lang='lat' dir='ltr'><strong>moveri</strong></span> <span class='ocrx_word' id='word_1_64' title='bbox 605 701 749 760; x_wconf 78' lang='lat' dir='ltr'><strong>agitarique</strong></span> <span class='ocrx_word' id='word_1_65' title='bbox 761 703 873 763; x_wconf 80' lang='lat' dir='ltr'><strong>desuper</strong></span> 
     </span>
     <span class='ocr_line' id='line_1_10' title="bbox 66 768 872 827; baseline 0.004 -11"><span class='ocrx_word' id='word_1_66' title='bbox 66 783 81 816; x_wconf 91' lang='lat' dir='ltr'><strong>e</strong></span> <span class='ocrx_word' id='word_1_67' title='bbox 93 768 169 816; x_wconf 87' lang='lat' dir='ltr'><strong>coelo</strong></span> <span class='ocrx_word' id='word_1_68' title='bbox 179 769 312 827; x_wconf 88' lang='lat' dir='ltr'><strong>putarent:</strong></span> <span class='ocrx_word' id='word_1_69' title='bbox 331 770 451 824; x_wconf 83' lang='lat' dir='ltr'><strong>tanquam</strong></span> <span class='ocrx_word' id='word_1_70' title='bbox 464 768 533 826; x_wconf 91' lang='lat' dir='ltr'><strong>quod</strong></span> <span class='ocrx_word' id='word_1_71' title='bbox 544 768 612 813; x_wconf 84' lang='lat' dir='ltr'><strong>forte</strong></span> <span class='ocrx_word' id='word_1_72' title='bbox 622 769 660 815; x_wconf 89' lang='lat' dir='ltr'><strong>ire</strong></span> <span class='ocrx_word' id='word_1_73' title='bbox 671 768 699 815; x_wconf 90' lang='lat' dir='ltr'><strong>in</strong></span> <span class='ocrx_word' id='word_1_74' title='bbox 709 771 814 817; x_wconf 86' lang='lat' dir='ltr'><strong>balneas</strong></span> <span class='ocrx_word' id='word_1_75' title='bbox 824 785 872 819; x_wconf 85' lang='lat' dir='ltr'><strong>ro·</strong></span> 
     </span>
     <span class='ocr_line' id='line_1_11' title="bbox 66 829 870 898; baseline 0.002 -15"><span class='ocrx_word' id='word_1_76' title='bbox 66 836 159 896; x_wconf 82' lang='lat' dir='ltr'><strong>lucris,</strong></span> <span class='ocrx_word' id='word_1_77' title='bbox 170 849 201 881; x_wconf 90' lang='lat' dir='ltr'><strong>ac</strong></span> <span class='ocrx_word' id='word_1_78' title='bbox 211 834 303 882; x_wconf 89' lang='lat' dir='ltr'><strong>deinde</strong></span> <span class='ocrx_word' id='word_1_79' title='bbox 312 833 439 889; x_wconf 87' lang='lat' dir='ltr'><strong>nolueris,</strong></span> <span class='ocrx_word' id='word_1_80' title='bbox 445 837 521 891; x_wconf 81' lang='lat' dir='ltr'><strong>atque</strong></span> <span class='ocrx_word' id='word_1_81' title='bbox 531 829 558 879; x_wconf 87' lang='lat' dir='ltr'><strong>id</strong></span> <span class='ocrx_word' id='word_1_82' title='bbox 568 848 669 881; x_wconf 88' lang='lat' dir='ltr'><strong>rursum</strong></span> <span class='ocrx_word' id='word_1_83' title='bbox 680 837 805 898; x_wconf 83' lang='lat' dir='ltr'><strong>volueris,</strong></span> <span class='ocrx_word' id='word_1_84' title='bbox 816 852 870 885; x_wconf 89' lang='lat' dir='ltr'><strong>uon</strong></span> 
     </span>
     <span class='ocr_line' id='line_1_12' title="bbox 66 901 870 964; baseline 0 -13"><span class='ocrx_word' id='word_1_85' title='bbox 66 917 102 952; x_wconf 84' lang='lat' dir='ltr'><strong>ex</strong></span> <span class='ocrx_word' id='word_1_86' title='bbox 117 902 205 960; x_wconf 86' lang='lat' dir='ltr'><strong>aliqua</strong></span> <span class='ocrx_word' id='word_1_87' title='bbox 219 902 317 961; x_wconf 83' lang='lat' dir='ltr'><strong>dispari</strong></span> <span class='ocrx_word' id='word_1_88' title='bbox 332 901 455 959; x_wconf 89' lang='lat' dir='ltr'><strong>variaque</strong></span> <span class='ocrx_word' id='word_1_89' title='bbox 465 901 546 947; x_wconf 82' lang='lat' dir='ltr'><strong>arrimi</strong></span> <span class='ocrx_word' id='word_1_90' title='bbox 555 902 706 964; x_wconf 82' lang='lat' dir='ltr'><strong>agitatione,</strong></span> <span class='ocrx_word' id='word_1_91' title='bbox 722 905 767 950; x_wconf 90' lang='lat' dir='ltr'><strong>sed</strong></span> <span class='ocrx_word' id='word_1_92' title='bbox 779 919 813 953; x_wconf 85' lang='lat' dir='ltr'><strong>ex</strong></span> <span class='ocrx_word' id='word_1_93' title='bbox 822 920 870 952; x_wconf 91' lang='lat' dir='ltr'><strong>ne-</strong></span> 
     </span>
     <span class='ocr_line' id='line_1_13' title="bbox 67 968 871 1028; baseline 0.002 -11"><span class='ocrx_word' id='word_1_94' title='bbox 67 970 183 1018; x_wconf 90' lang='lat' dir='ltr'><strong>cessaria</strong></span> <span class='ocrx_word' id='word_1_95' title='bbox 193 969 300 1027; x_wconf 87' lang='lat' dir='ltr'><strong>quadam</strong></span> <span class='ocrx_word' id='word_1_96' title='bbox 315 968 457 1016; x_wconf 81' lang='lat' dir='ltr'><strong>errantium</strong></span> <span class='ocrx_word' id='word_1_97' title='bbox 469 968 581 1014; x_wconf 89' lang='lat' dir='ltr'><strong>siderum</strong></span> <span class='ocrx_word' id='word_1_98' title='bbox 590 970 797 1028; x_wconf 77' lang='lat' dir='ltr'><strong>reciprocatione</strong></span> <span class='ocrx_word' id='word_1_99' title='bbox 809 987 871 1019; x_wconf 91' lang='lat' dir='ltr'><strong>con-</strong></span> 
     </span>
     <span class='ocr_line' id='line_1_14' title="bbox 66 1034 872 1099; baseline 0 -15"><span class='ocrx_word' id='word_1_100' title='bbox 66 1037 172 1096; x_wconf 82' lang='lat' dir='ltr'><strong>tigerit:</strong></span> <span class='ocrx_word' id='word_1_101' title='bbox 193 1040 221 1083; x_wconf 89' lang='lat' dir='ltr'><strong>nt</strong></span> <span class='ocrx_word' id='word_1_102' title='bbox 229 1037 306 1096; x_wconf 89' lang='lat' dir='ltr'><strong>plane</strong></span> <span class='ocrx_word' id='word_1_103' title='bbox 316 1036 434 1083; x_wconf 87' lang='lat' dir='ltr'><strong>homines</strong></span> <span class='ocrx_word' id='word_1_104' title='bbox 443 1049 505 1092; x_wconf 85' lang='lat' dir='ltr'><strong>uon,</strong></span> <span class='ocrx_word' id='word_1_105' title='bbox 516 1036 585 1093; x_wconf 87' lang='lat' dir='ltr'><strong>quod</strong></span> <span class='ocrx_word' id='word_1_106' title='bbox 596 1036 699 1093; x_wconf 86' lang='lat' dir='ltr'><strong>dicitur,</strong></span> <span class='ocrx_word' id='word_1_107' title='bbox 709 1034 799 1099; x_wconf 77' lang='grc' dir='ltr'><strong>λογικὰ</strong></span> <span class='ocrx_word' id='word_1_108' title='bbox 811 1035 872 1096; x_wconf 77' lang='grc' dir='ltr'>ζῶα,</span> 
     </span>
     <span class='ocr_line' id='line_1_15' title="bbox 67 1098 871 1161; baseline 0.001 -10"><span class='ocrx_word' id='word_1_109' title='bbox 67 1105 114 1152; x_wconf 85' lang='lat' dir='ltr'><strong>sed</strong></span> <span class='ocrx_word' id='word_1_110' title='bbox 132 1104 234 1151; x_wconf 89' lang='lat' dir='ltr'><strong>ludicra</strong></span> <span class='ocrx_word' id='word_1_111' title='bbox 248 1107 274 1150; x_wconf 86' lang='lat' dir='ltr'><strong>et</strong></span> <span class='ocrx_word' id='word_1_112' title='bbox 287 1103 396 1151; x_wconf 86' lang='lat' dir='ltr'><strong>ridenda</strong></span> <span class='ocrx_word' id='word_1_113' title='bbox 408 1104 532 1161; x_wconf 82' lang='lat' dir='ltr'><strong>quaedam</strong></span> <span class='ocrx_word' id='word_1_114' title='bbox 546 1098 721 1158; x_wconf 70' lang='grc' dir='ltr'><strong><em>νευρόσπαστα</em></strong></span> <span class='ocrx_word' id='word_1_115' title='bbox 731 1119 788 1152; x_wconf 88' lang='lat' dir='ltr'><strong>esse</strong></span> <span class='ocrx_word' id='word_1_116' title='bbox 798 1107 871 1153; x_wconf 86' lang='lat' dir='ltr'><strong>vide·</strong></span> 
     </span>
     <span class='ocr_line' id='line_1_16' title="bbox 67 1169 871 1231; baseline 0.001 -12"><span class='ocrx_word' id='word_1_117' title='bbox 67 1175 153 1231; x_wconf 86' lang='lat' dir='ltr'><strong>antur,</strong></span> <span class='ocrx_word' id='word_1_118' title='bbox 164 1172 187 1217; x_wconf 89' lang='lat' dir='ltr'><strong>si</strong></span> <span class='ocrx_word' id='word_1_119' title='bbox 196 1171 264 1218; x_wconf 89' lang='lat' dir='ltr'><strong>nihil</strong></span> <span class='ocrx_word' id='word_1_120' title='bbox 274 1185 320 1218; x_wconf 85' lang='lat' dir='ltr'><strong>sua</strong></span> <span class='ocrx_word' id='word_1_121' title='bbox 329 1172 430 1229; x_wconf 84' lang='lat' dir='ltr'><strong>sponte,</strong></span> <span class='ocrx_word' id='word_1_122' title='bbox 439 1170 507 1216; x_wconf 85' lang='lat' dir='ltr'><strong>nillil</strong></span> <span class='ocrx_word' id='word_1_123' title='bbox 519 1169 646 1218; x_wconf 88' lang='lat' dir='ltr'><strong>arbitratu</strong></span> <span class='ocrx_word' id='word_1_124' title='bbox 656 1185 704 1218; x_wconf 92' lang='lat' dir='ltr'><strong>suo</strong></span> <span class='ocrx_word' id='word_1_125' title='bbox 713 1173 820 1231; x_wconf 82' lang='lat' dir='ltr'><strong>iaciunt,</strong></span> <span class='ocrx_word' id='word_1_126' title='bbox 825 1175 871 1220; x_wconf 88' lang='lat' dir='ltr'><strong>sed</strong></span> 
     </span>
     <span class='ocr_line' id='line_1_17' title="bbox 67 1237 873 1300; baseline 0 -13"><span class='ocrx_word' id='word_1_127' title='bbox 67 1238 221 1287; x_wconf 86' lang='lat' dir='ltr'><strong>ducentibus</strong></span> <span class='ocrx_word' id='word_1_128' title='bbox 231 1238 316 1285; x_wconf 83' lang='lat' dir='ltr'><strong>stellis</strong></span> <span class='ocrx_word' id='word_1_129' title='bbox 326 1243 353 1286; x_wconf 84' lang='lat' dir='ltr'><strong>et</strong></span> <span class='ocrx_word' id='word_1_130' title='bbox 361 1237 549 1296; x_wconf 78' lang='lat' dir='ltr'><strong>aurigantibus.</strong></span> <span class='ocrx_word' id='word_1_131' title='bbox 566 1239 608 1283; x_wconf 81' lang='lat'><strong>24.</strong></span> <span class='ocrx_word' id='word_1_132' title='bbox 619 1239 658 1285; x_wconf 86' lang='lat' dir='ltr'><strong>Ac</strong></span> <span class='ocrx_word' id='word_1_133' title='bbox 667 1239 699 1299; x_wconf 90' lang='lat' dir='ltr'><strong>si,</strong></span> <span class='ocrx_word' id='word_1_134' title='bbox 710 1239 801 1300; x_wconf 89' lang='lat' dir='ltr'><strong>inquit,</strong></span> <span class='ocrx_word' id='word_1_135' title='bbox 812 1245 873 1299; x_wconf 56' lang='lat' dir='ltr'><strong>pot,</strong></span> 
     </span>
     <span class='ocr_line' id='line_1_18' title="bbox 69 1305 870 1365; baseline 0 -11"><span class='ocrx_word' id='word_1_136' title='bbox 69 1306 140 1354; x_wconf 89' lang='lat' dir='ltr'><strong>uisse</strong></span> <span class='ocrx_word' id='word_1_137' title='bbox 150 1306 266 1365; x_wconf 75' lang='lat' dir='ltr'><strong>praedici</strong></span> <span class='ocrx_word' id='word_1_138' title='bbox 276 1307 415 1361; x_wconf 85' lang='lat' dir='ltr'><strong>affirmant,</strong></span> <span class='ocrx_word' id='word_1_139' title='bbox 425 1305 574 1364; x_wconf 82' lang='lat' dir='ltr'><strong>Pyrrhusne</strong></span> <span class='ocrx_word' id='word_1_140' title='bbox 584 1319 646 1363; x_wconf 85' lang='lat' dir='ltr'><strong>rex,</strong></span> <span class='ocrx_word' id='word_1_141' title='bbox 659 1319 692 1353; x_wconf 89' lang='lat' dir='ltr'><strong>an</strong></span> <span class='ocrx_word' id='word_1_142' title='bbox 701 1308 806 1354; x_wconf 86' lang='lat' dir='ltr'><strong>Manius</strong></span> <span class='ocrx_word' id='word_1_143' title='bbox 817 1310 870 1354; x_wconf 80' lang='lat' dir='ltr'><strong>tlu-</strong></span> 
     </span>
     <span class='ocr_line' id='line_1_19' title="bbox 67 1372 871 1433; baseline 0.002 -13"><span class='ocrx_word' id='word_1_144' title='bbox 67 1374 124 1421; x_wconf 90' lang='lat' dir='ltr'><strong>rius</strong></span> <span class='ocrx_word' id='word_1_145' title='bbox 134 1373 236 1433; x_wconf 88' lang='lat' dir='ltr'><strong>proelio</strong></span> <span class='ocrx_word' id='word_1_146' title='bbox 247 1373 362 1420; x_wconf 84' lang='lat' dir='ltr'><strong>victurus</strong></span> <span class='ocrx_word' id='word_1_147' title='bbox 375 1376 454 1420; x_wconf 86' lang='lat' dir='ltr'><strong>esset:</strong></span> <span class='ocrx_word' id='word_1_148' title='bbox 468 1386 513 1418; x_wconf 90' lang='lat' dir='ltr'><strong>cur</strong></span> <span class='ocrx_word' id='word_1_149' title='bbox 522 1372 625 1418; x_wconf 88' lang='lat' dir='ltr'><strong>tandem</strong></span> <span class='ocrx_word' id='word_1_150' title='bbox 634 1387 688 1419; x_wconf 87' lang='lat' dir='ltr'><strong>non</strong></span> <span class='ocrx_word' id='word_1_151' title='bbox 698 1375 729 1420; x_wconf 90' lang='lat' dir='ltr'><strong>de</strong></span> <span class='ocrx_word' id='word_1_152' title='bbox 739 1376 797 1422; x_wconf 87' lang='lat' dir='ltr'><strong>alea</strong></span> <span class='ocrx_word' id='word_1_153' title='bbox 807 1389 871 1433; x_wconf 87' lang='lat' dir='ltr'><strong>quo·</strong></span> 
     </span>
     <span class='ocr_line' id='line_1_20' title="bbox 68 1440 870 1499; baseline 0.002 -12"><span class='ocrx_word' id='word_1_154' title='bbox 68 1455 133 1499; x_wconf 83' lang='lat' dir='ltr'><strong>quo,</strong></span> <span class='ocrx_word' id='word_1_155' title='bbox 154 1453 184 1487; x_wconf 87' lang='lat' dir='ltr'><strong>ac</strong></span> <span class='ocrx_word' id='word_1_156' title='bbox 198 1441 229 1487; x_wconf 85' lang='lat' dir='ltr'><strong>de</strong></span> <span class='ocrx_word' id='word_1_157' title='bbox 244 1440 352 1488; x_wconf 88' lang='lat' dir='ltr'><strong>calculis</strong></span> <span class='ocrx_word' id='word_1_158' title='bbox 363 1442 389 1486; x_wconf 90' lang='lat' dir='ltr'><strong>et</strong></span> <span class='ocrx_word' id='word_1_159' title='bbox 398 1440 503 1486; x_wconf 79' lang='lat' dir='ltr'><strong>alveolo</strong></span> <span class='ocrx_word' id='word_1_160' title='bbox 515 1440 627 1485; x_wconf 88' lang='lat' dir='ltr'><strong>audeant</strong></span> <span class='ocrx_word' id='word_1_161' title='bbox 636 1440 731 1498; x_wconf 88' lang='lat' dir='ltr'><strong>dicere,</strong></span> <span class='ocrx_word' id='word_1_162' title='bbox 752 1441 870 1499; x_wconf 87' lang='lat' dir='ltr'><strong>quisnam</strong></span> 
     </span>
     <span class='ocr_line' id='line_1_21' title="bbox 67 1506 869 1568; baseline 0 -12"><span class='ocrx_word' id='word_1_163' title='bbox 67 1509 106 1556; x_wconf 86' lang='lat' dir='ltr'><strong>ibi</strong></span> <span class='ocrx_word' id='word_1_164' title='bbox 115 1507 261 1555; x_wconf 88' lang='lat' dir='ltr'><strong>ludentium</strong></span> <span class='ocrx_word' id='word_1_165' title='bbox 270 1508 377 1555; x_wconf 79' lang='lat' dir='ltr'><strong>vincati</strong></span> <span class='ocrx_word' id='word_1_166' title='bbox 410 1508 452 1554; x_wconf 82' lang='lat' dir='ltr'><strong>An</strong></span> <span class='ocrx_word' id='word_1_167' title='bbox 462 1506 585 1553; x_wconf 87' lang='lat' dir='ltr'><strong>videlicet</strong></span> <span class='ocrx_word' id='word_1_168' title='bbox 593 1521 687 1567; x_wconf 78' lang='lat' dir='ltr'><strong>magna</strong></span> <span class='ocrx_word' id='word_1_169' title='bbox 697 1508 795 1567; x_wconf 85' lang='lat' dir='ltr'><strong>sciunt,</strong></span> <span class='ocrx_word' id='word_1_170' title='bbox 809 1524 869 1568; x_wconf 86' lang='lat' dir='ltr'><strong>par-</strong></span> 
     </span>
     <span class='ocr_line' id='line_1_22' title="bbox 69 1573 869 1634; baseline 0 -11"><span class='ocrx_word' id='word_1_171' title='bbox 69 1589 101 1623; x_wconf 83' lang='lat' dir='ltr'><strong>ra</strong></span> <span class='ocrx_word' id='word_1_172' title='bbox 110 1575 243 1623; x_wconf 83' lang='lat' dir='ltr'><strong>nesciunt:</strong></span> <span class='ocrx_word' id='word_1_173' title='bbox 268 1579 295 1623; x_wconf 81' lang='lat' dir='ltr'><strong>et</strong></span> <span class='ocrx_word' id='word_1_174' title='bbox 308 1574 410 1621; x_wconf 80' lang='lat' dir='ltr'><strong>minora</strong></span> <span class='ocrx_word' id='word_1_175' title='bbox 423 1573 566 1622; x_wconf 84' lang='lat' dir='ltr'><strong>maioribus</strong></span> <span class='ocrx_word' id='word_1_176' title='bbox 580 1573 779 1634; x_wconf 79' lang='lat' dir='ltr'><strong>inperceptiora</strong></span> <span class='ocrx_word' id='word_1_177' title='bbox 792 1580 869 1625; x_wconf 66' lang='lat' dir='ltr'><strong>sunt?</strong></span> 
     </span>
     <span class='ocr_line' id='line_1_23' title="bbox 66 1640 868 1704; baseline 0.004 -15"><span class='ocrx_word' id='word_1_178' title='bbox 66 1645 109 1690; x_wconf 76' lang='lat'><strong>25.</strong></span> <span class='ocrx_word' id='word_1_179' title='bbox 127 1642 179 1690; x_wconf 85' lang='lat' dir='ltr'><strong>Sed</strong></span> <span class='ocrx_word' id='word_1_180' title='bbox 188 1644 211 1690; x_wconf 92' lang='lat' dir='ltr'><strong>si</strong></span> <span class='ocrx_word' id='word_1_181' title='bbox 218 1642 408 1702; x_wconf 80' lang='lat' dir='ltr'><strong>magnitudines</strong></span> <span class='ocrx_word' id='word_1_182' title='bbox 417 1651 505 1689; x_wconf 85' lang='lat' dir='ltr'><strong>rerum</strong></span> <span class='ocrx_word' id='word_1_183' title='bbox 515 1640 566 1688; x_wconf 83' lang='lat' dir='ltr'><strong>sibi</strong></span> <span class='ocrx_word' id='word_1_184' title='bbox 576 1641 719 1703; x_wconf 85' lang='lat' dir='ltr'><strong>vindicant,</strong></span> <span class='ocrx_word' id='word_1_185' title='bbox 734 1645 868 1704; x_wconf 73' lang='lat' dir='ltr'><strong>magisque</strong></span> 
     </span>
     <span class='ocr_line' id='line_1_24' title="bbox 67 1709 868 1769; baseline 0.002 -12"><span class='ocrx_word' id='word_1_186' title='bbox 67 1723 125 1757; x_wconf 87' lang='lat' dir='ltr'><strong>esse</strong></span> <span class='ocrx_word' id='word_1_187' title='bbox 140 1710 305 1769; x_wconf 88' lang='lat' dir='ltr'><strong>perspicuas,</strong></span> <span class='ocrx_word' id='word_1_188' title='bbox 325 1712 352 1756; x_wconf 86' lang='lat' dir='ltr'><strong>et</strong></span> <span class='ocrx_word' id='word_1_189' title='bbox 365 1709 472 1756; x_wconf 81' lang='lat' dir='ltr'><strong>lucilius</strong></span> <span class='ocrx_word' id='word_1_190' title='bbox 487 1709 668 1768; x_wconf 72' lang='lat' dir='ltr'><strong>comprehendi</strong></span> <span class='ocrx_word' id='word_1_191' title='bbox 682 1724 758 1769; x_wconf 87' lang='lat' dir='ltr'><strong>posse</strong></span> <span class='ocrx_word' id='word_1_192' title='bbox 768 1712 868 1759; x_wconf 87' lang='lat' dir='ltr'><strong>dicunt:</strong></span> 
     </span>
     <span class='ocr_line' id='line_1_25' title="bbox 66 1776 868 1837; baseline 0.001 -14"><span class='ocrx_word' id='word_1_193' title='bbox 66 1777 147 1835; x_wconf 81' lang='lat' dir='ltr'><strong>Volo,</strong></span> <span class='ocrx_word' id='word_1_194' title='bbox 158 1776 250 1836; x_wconf 85' lang='lat' dir='ltr'><strong>inquit,</strong></span> <span class='ocrx_word' id='word_1_195' title='bbox 264 1777 328 1824; x_wconf 80' lang='lat' dir='ltr'><strong>milii</strong></span> <span class='ocrx_word' id='word_1_196' title='bbox 336 1778 522 1837; x_wconf 80' lang='lat' dir='ltr'><strong>respondeant,</strong></span> <span class='ocrx_word' id='word_1_197' title='bbox 538 1776 598 1834; x_wconf 88' lang='lat' dir='ltr'><strong>quid</strong></span> <span class='ocrx_word' id='word_1_198' title='bbox 610 1778 638 1823; x_wconf 90' lang='lat' dir='ltr'><strong>in</strong></span> <span class='ocrx_word' id='word_1_199' title='bbox 647 1778 694 1824; x_wconf 85' lang='lat' dir='ltr'><strong>hac</strong></span> <span class='ocrx_word' id='word_1_200' title='bbox 704 1779 785 1826; x_wconf 78' lang='lat' dir='ltr'><strong>totius</strong></span> <span class='ocrx_word' id='word_1_201' title='bbox 795 1792 868 1825; x_wconf 84' lang='lat' dir='ltr'><strong>mun·</strong></span> 
     </span>
     <span class='ocr_line' id='line_1_26' title="bbox 67 1844 869 1905; baseline 0.002 -13"><span class='ocrx_word' id='word_1_202' title='bbox 67 1845 95 1893; x_wconf 88' lang='lat' dir='ltr'><strong>di</strong></span> <span class='ocrx_word' id='word_1_203' title='bbox 105 1844 334 1903; x_wconf 84' lang='lat' dir='ltr'><strong>contemplatione,</strong></span> <span class='ocrx_word' id='word_1_204' title='bbox 347 1844 505 1904; x_wconf 89' lang='lat' dir='ltr'><strong>praestantis</strong></span> <span class='ocrx_word' id='word_1_205' title='bbox 514 1846 622 1890; x_wconf 88' lang='lat' dir='ltr'><strong>naturae</strong></span> <span class='ocrx_word' id='word_1_206' title='bbox 632 1844 761 1905; x_wconf 85' lang='lat' dir='ltr'><strong>operibus,</strong></span> <span class='ocrx_word' id='word_1_207' title='bbox 778 1845 807 1891; x_wconf 91' lang='lat' dir='ltr'><strong>in</strong></span> <span class='ocrx_word' id='word_1_208' title='bbox 815 1850 869 1894; x_wconf 86' lang='lat' dir='ltr'><strong>tam</strong></span> 
     </span>
     <span class='ocr_line' id='line_1_27' title="bbox 66 1910 869 1973; baseline 0 -14"><span class='ocrx_word' id='word_1_209' title='bbox 66 1911 155 1973; x_wconf 82' lang='lat' dir='ltr'><strong>parvis</strong></span> <span class='ocrx_word' id='word_1_210' title='bbox 178 1914 254 1970; x_wconf 88' lang='lat' dir='ltr'><strong>atque</strong></span> <span class='ocrx_word' id='word_1_211' title='bbox 275 1910 397 1959; x_wconf 84' lang='lat' dir='ltr'><strong>brevibus</strong></span> <span class='ocrx_word' id='word_1_212' title='bbox 420 1912 535 1970; x_wconf 75' lang='lat' dir='ltr'><strong>negotiis</strong></span> <span class='ocrx_word' id='word_1_213' title='bbox 554 1911 718 1969; x_wconf 77' lang='lat' dir='ltr'><strong>fortunisque</strong></span> <span class='ocrx_word' id='word_1_214' title='bbox 736 1913 869 1964; x_wconf 78' lang='lat' dir='ltr'><strong>hominum</strong></span> 
     </span>
     <span class='ocr_line' id='line_1_28' title="bbox 66 1978 868 2038; baseline 0 -11"><span class='ocrx_word' id='word_1_215' title='bbox 66 1992 187 2038; x_wconf 78' lang='lat' dir='ltr'><strong>magnum</strong></span> <span class='ocrx_word' id='word_1_216' title='bbox 202 1981 308 2038; x_wconf 79' lang='lat' dir='ltr'><strong>putenti</strong></span> <span class='ocrx_word' id='word_1_217' title='bbox 342 1981 383 2026; x_wconf 71' lang='lat'><strong>20.</strong></span> <span class='ocrx_word' id='word_1_218' title='bbox 401 1981 486 2037; x_wconf 82' lang='lat' dir='ltr'><strong>Atque</strong></span> <span class='ocrx_word' id='word_1_219' title='bbox 499 1979 526 2025; x_wconf 90' lang='lat' dir='ltr'><strong>id</strong></span> <span class='ocrx_word' id='word_1_220' title='bbox 541 1978 620 2025; x_wconf 84' lang='lat' dir='ltr'><strong>selim</strong></span> <span class='ocrx_word' id='word_1_221' title='bbox 629 1978 717 2036; x_wconf 84' lang='lat' dir='ltr'><strong>etiam,</strong></span> <span class='ocrx_word' id='word_1_222' title='bbox 733 1979 825 2037; x_wconf 81' lang='lat' dir='ltr'><strong>inquit,</strong></span> <span class='ocrx_word' id='word_1_223' title='bbox 838 1983 868 2027; x_wconf 92' lang='lat' dir='ltr'><strong>ut</strong></span> 
     </span>
     <span class='ocr_line' id='line_1_29' title="bbox 67 2045 868 2106; baseline -0.004 -10"><span class='ocrx_word' id='word_1_224' title='bbox 67 2046 252 2106; x_wconf 84' lang='lat' dir='ltr'><strong>respondeant:</strong></span> <span class='ocrx_word' id='word_1_225' title='bbox 272 2046 296 2091; x_wconf 94' lang='lat' dir='ltr'><strong>si</strong></span> <span class='ocrx_word' id='word_1_226' title='bbox 310 2048 362 2092; x_wconf 91' lang='lat' dir='ltr'><strong>tam</strong></span> <span class='ocrx_word' id='word_1_227' title='bbox 376 2057 482 2106; x_wconf 85' lang='lat' dir='ltr'><strong>parvum</strong></span> <span class='ocrx_word' id='word_1_228' title='bbox 492 2049 568 2103; x_wconf 91' lang='lat' dir='ltr'><strong>atque</strong></span> <span class='ocrx_word' id='word_1_229' title='bbox 578 2045 695 2105; x_wconf 87' lang='lat' dir='ltr'><strong>rapidum</strong></span> <span class='ocrx_word' id='word_1_230' title='bbox 705 2048 745 2094; x_wconf 88' lang='lat' dir='ltr'><strong>est</strong></span> <span class='ocrx_word' id='word_1_231' title='bbox 753 2061 868 2094; x_wconf 85' lang='lat' dir='ltr'><strong>momen-</strong></span> 
     </span>
     <span class='ocr_line' id='line_1_30' title="bbox 67 2113 868 2173; baseline -0.001 -12"><span class='ocrx_word' id='word_1_232' title='bbox 67 2118 120 2162; x_wconf 86' lang='lat' dir='ltr'><strong>tum</strong></span> <span class='ocrx_word' id='word_1_233' title='bbox 131 2114 268 2173; x_wconf 87' lang='lat' dir='ltr'><strong>temporis,</strong></span> <span class='ocrx_word' id='word_1_234' title='bbox 284 2114 312 2159; x_wconf 90' lang='lat' dir='ltr'><strong>in</strong></span> <span class='ocrx_word' id='word_1_235' title='bbox 321 2127 372 2173; x_wconf 82' lang='lat' dir='ltr'><strong>quo</strong></span> <span class='ocrx_word' id='word_1_236' title='bbox 382 2114 458 2161; x_wconf 89' lang='lat' dir='ltr'><strong>homo</strong></span> <span class='ocrx_word' id='word_1_237' title='bbox 465 2123 577 2160; x_wconf 86' lang='lat' dir='ltr'><strong>nascens</strong></span> <span class='ocrx_word' id='word_1_238' title='bbox 588 2115 668 2160; x_wconf 87' lang='lat' dir='ltr'><strong>iatum</strong></span> <span class='ocrx_word' id='word_1_239' title='bbox 678 2114 782 2173; x_wconf 89' lang='lat' dir='ltr'><strong>accipit,</strong></span> <span class='ocrx_word' id='word_1_240' title='bbox 801 2117 830 2160; x_wconf 88' lang='lat' dir='ltr'><strong>ut</strong></span> <span class='ocrx_word' id='word_1_241' title='bbox 839 2113 868 2161; x_wconf 90' lang='lat' dir='ltr'><strong>in</strong></span> 
     </span>
     <span class='ocr_line' id='line_1_31' title="bbox 67 2181 868 2243; baseline 0 -14"><span class='ocrx_word' id='word_1_242' title='bbox 67 2182 159 2229; x_wconf 87' lang='lat' dir='ltr'><strong>eodem</strong></span> <span class='ocrx_word' id='word_1_243' title='bbox 168 2182 217 2228; x_wconf 91' lang='lat' dir='ltr'><strong>illo</strong></span> <span class='ocrx_word' id='word_1_244' title='bbox 227 2183 333 2239; x_wconf 83' lang='lat' dir='ltr'><strong>puncto,</strong></span> <span class='ocrx_word' id='word_1_245' title='bbox 340 2183 386 2229; x_wconf 87' lang='lat' dir='ltr'><strong>sub</strong></span> <span class='ocrx_word' id='word_1_246' title='bbox 397 2181 487 2227; x_wconf 88' lang='lat' dir='ltr'><strong>eodem</strong></span> <span class='ocrx_word' id='word_1_247' title='bbox 497 2181 595 2227; x_wconf 88' lang='lat' dir='ltr'><strong>circulo</strong></span> <span class='ocrx_word' id='word_1_248' title='bbox 605 2181 681 2243; x_wconf 88' lang='lat' dir='ltr'><strong>coeli,</strong></span> <span class='ocrx_word' id='word_1_249' title='bbox 691 2181 780 2240; x_wconf 86' lang='lat' dir='ltr'><strong>plures</strong></span> <span class='ocrx_word' id='word_1_250' title='bbox 790 2181 868 2229; x_wconf 91' lang='lat' dir='ltr'><strong>simul</strong></span> 
     </span>
     <span class='ocr_line' id='line_1_32' title="bbox 67 2248 866 2306; baseline 0 -10"><span class='ocrx_word' id='word_1_251' title='bbox 67 2250 100 2297; x_wconf 88' lang='lat' dir='ltr'><strong>ad</strong></span> <span class='ocrx_word' id='word_1_252' title='bbox 109 2250 216 2296; x_wconf 88' lang='lat' dir='ltr'><strong>eandem</strong></span> <span class='ocrx_word' id='word_1_253' title='bbox 228 2248 424 2306; x_wconf 82' lang='lat' dir='ltr'><strong>competentiam</strong></span> <span class='ocrx_word' id='word_1_254' title='bbox 435 2248 507 2294; x_wconf 88' lang='lat' dir='ltr'><strong>nasci</strong></span> <span class='ocrx_word' id='word_1_255' title='bbox 516 2261 570 2295; x_wconf 88' lang='lat' dir='ltr'><strong>aaa</strong></span> <span class='ocrx_word' id='word_1_256' title='bbox 577 2251 686 2305; x_wconf 81' lang='lat' dir='ltr'><strong>queant:</strong></span> <span class='ocrx_word' id='word_1_257' title='bbox 701 2251 727 2296; x_wconf 87' lang='lat' dir='ltr'><strong>et</strong></span> <span class='ocrx_word' id='word_1_258' title='bbox 735 2250 760 2296; x_wconf 94' lang='lat' dir='ltr'><strong>si</strong></span> <span class='ocrx_word' id='word_1_259' title='bbox 769 2249 866 2297; x_wconf 88' lang='lat' dir='ltr'><strong>idcirco</strong></span> 
     </span>
     <span class='ocr_line' id='line_1_33' title="bbox 67 2316 868 2378; baseline 0.001 -15"><span class='ocrx_word' id='word_1_260' title='bbox 67 2316 164 2375; x_wconf 78' lang='lat' dir='ltr'><strong>gemini</strong></span> <span class='ocrx_word' id='word_1_261' title='bbox 172 2328 271 2374; x_wconf 86' lang='lat' dir='ltr'><strong>quoque</strong></span> <span class='ocrx_word' id='word_1_262' title='bbox 281 2328 334 2362; x_wconf 88' lang='lat' dir='ltr'><strong>non</strong></span> <span class='ocrx_word' id='word_1_263' title='bbox 343 2316 433 2363; x_wconf 89' lang='lat' dir='ltr'><strong>eadem</strong></span> <span class='ocrx_word' id='word_1_264' title='bbox 441 2316 512 2378; x_wconf 74' lang='lat' dir='ltr'><strong>vitae</strong></span> <span class='ocrx_word' id='word_1_265' title='bbox 522 2318 593 2363; x_wconf 88' lang='lat' dir='ltr'><strong>sorte</strong></span> <span class='ocrx_word' id='word_1_266' title='bbox 601 2319 669 2375; x_wconf 87' lang='lat' dir='ltr'><strong>suut,</strong></span> <span class='ocrx_word' id='word_1_267' title='bbox 682 2317 802 2374; x_wconf 89' lang='lat' dir='ltr'><strong>quoniam</strong></span> <span class='ocrx_word' id='word_1_268' title='bbox 813 2329 868 2364; x_wconf 86' lang='lat' dir='ltr'><strong>nou</strong></span> 
     </span>
     <span class='ocr_line' id='line_1_34' title="bbox 66 2382 867 2444; baseline 0 -14"><span class='ocrx_word' id='word_1_269' title='bbox 66 2384 157 2432; x_wconf 85' lang='lat' dir='ltr'><strong>eodem</strong></span> <span class='ocrx_word' id='word_1_270' title='bbox 166 2382 290 2442; x_wconf 89' lang='lat' dir='ltr'><strong>temporis</strong></span> <span class='ocrx_word' id='word_1_271' title='bbox 300 2385 394 2441; x_wconf 86' lang='lat' dir='ltr'><strong>puncto</strong></span> <span class='ocrx_word' id='word_1_272' title='bbox 404 2382 470 2428; x_wconf 91' lang='lat' dir='ltr'><strong>editi</strong></span> <span class='ocrx_word' id='word_1_273' title='bbox 480 2386 551 2440; x_wconf 79' lang='lat' dir='ltr'><strong>sunt3</strong></span> <span class='ocrx_word' id='word_1_274' title='bbox 571 2384 642 2441; x_wconf 86' lang='lat' dir='ltr'><strong>peto,</strong></span> <span class='ocrx_word' id='word_1_275' title='bbox 653 2382 747 2444; x_wconf 84' lang='lat' dir='ltr'><strong>inquit,</strong></span> <span class='ocrx_word' id='word_1_276' title='bbox 756 2397 867 2443; x_wconf 86' lang='lat' dir='ltr'><strong>respon·</strong></span> 
     </span>
     <span class='ocr_line' id='line_1_35' title="bbox 64 2449 868 2511; baseline 0 -14"><span class='ocrx_word' id='word_1_277' title='bbox 64 2451 154 2511; x_wconf 71' lang='lat' dir='ltr'><strong>¹desiit,</strong></span> <span class='ocrx_word' id='word_1_278' title='bbox 165 2464 267 2499; x_wconf 89' lang='lat' dir='ltr'><strong>cursum</strong></span> <span class='ocrx_word' id='word_1_279' title='bbox 277 2450 353 2497; x_wconf 90' lang='lat' dir='ltr'><strong>illum</strong></span> <span class='ocrx_word' id='word_1_280' title='bbox 360 2449 485 2509; x_wconf 86' lang='lat' dir='ltr'><strong>temporis</strong></span> <span class='ocrx_word' id='word_1_281' title='bbox 495 2450 697 2507; x_wconf 84' lang='lat' dir='ltr'><strong>transvolantis,</strong></span> <span class='ocrx_word' id='word_1_282' title='bbox 712 2450 756 2509; x_wconf 91' lang='lat' dir='ltr'><strong>qui</strong></span> <span class='ocrx_word' id='word_1_283' title='bbox 766 2451 812 2499; x_wconf 83' lang='lat' dir='ltr'><strong>six</strong></span> <span class='ocrx_word' id='word_1_284' title='bbox 822 2465 868 2499; x_wconf 90' lang='lat' dir='ltr'><strong>co·</strong></span> 
     </span>
     <span class='ocr_line' id='line_1_36' title="bbox 65 2516 868 2578; baseline 0 -13"><span class='ocrx_word' id='word_1_285' title='bbox 65 2518 196 2577; x_wconf 75' lang='lat' dir='ltr'><strong>gitatione</strong></span> <span class='ocrx_word' id='word_1_286' title='bbox 211 2518 291 2566; x_wconf 85' lang='lat' dir='ltr'><strong>animi</strong></span> <span class='ocrx_word' id='word_1_287' title='bbox 304 2516 486 2576; x_wconf 88' lang='lat' dir='ltr'><strong>comprehendi</strong></span> <span class='ocrx_word' id='word_1_288' title='bbox 500 2519 600 2578; x_wconf 87' lang='lat' dir='ltr'><strong>potest,</strong></span> <span class='ocrx_word' id='word_1_289' title='bbox 614 2529 724 2573; x_wconf 83' lang='lat' dir='ltr'><strong>quonam</strong></span> <span class='ocrx_word' id='word_1_290' title='bbox 734 2520 811 2576; x_wconf 89' lang='lat' dir='ltr'><strong>pacto</strong></span> <span class='ocrx_word' id='word_1_291' title='bbox 823 2521 868 2565; x_wconf 88' lang='lat' dir='ltr'><strong>aut</strong></span> 
     </span>
     <span class='ocr_line' id='line_1_37' title="bbox 67 2584 867 2645; baseline -0.003 -13"><span class='ocrx_word' id='word_1_292' title='bbox 67 2586 187 2634; x_wconf 89' lang='lat' dir='ltr'><strong>consulto</strong></span> <span class='ocrx_word' id='word_1_293' title='bbox 202 2586 305 2644; x_wconf 85' lang='lat' dir='ltr'><strong>assequi</strong></span> <span class='ocrx_word' id='word_1_294' title='bbox 320 2588 427 2644; x_wconf 88' lang='lat' dir='ltr'><strong>queant,</strong></span> <span class='ocrx_word' id='word_1_295' title='bbox 449 2587 495 2632; x_wconf 90' lang='lat' dir='ltr'><strong>aut</strong></span> <span class='ocrx_word' id='word_1_296' title='bbox 508 2584 559 2644; x_wconf 89' lang='lat' dir='ltr'><strong>ipsi</strong></span> <span class='ocrx_word' id='word_1_297' title='bbox 573 2585 719 2643; x_wconf 85' lang='lat' dir='ltr'><strong>perspicere</strong></span> <span class='ocrx_word' id='word_1_298' title='bbox 734 2590 761 2632; x_wconf 88' lang='lat' dir='ltr'><strong>et</strong></span> <span class='ocrx_word' id='word_1_299' title='bbox 775 2585 867 2645; x_wconf 84' lang='lat' dir='ltr'><strong>depre-</strong></span> 
     </span>
     <span class='ocr_line' id='line_1_38' title="bbox 66 2652 869 2716; baseline -0.007 -12"><span class='ocrx_word' id='word_1_300' title='bbox 66 2653 193 2704; x_wconf 78' lang='lat' dir='ltr'><strong>hendere:</strong></span> <span class='ocrx_word' id='word_1_301' title='bbox 214 2667 271 2701; x_wconf 87' lang='lat' dir='ltr'><strong>cum</strong></span> <span class='ocrx_word' id='word_1_302' title='bbox 280 2653 309 2702; x_wconf 91' lang='lat' dir='ltr'><strong>in</strong></span> <span class='ocrx_word' id='word_1_303' title='bbox 318 2656 368 2703; x_wconf 89' lang='lat' dir='ltr'><strong>tam</strong></span> <span class='ocrx_word' id='word_1_304' title='bbox 379 2652 518 2716; x_wconf 89' lang='lat' dir='ltr'><strong>praecipiti</strong></span> <span class='ocrx_word' id='word_1_305' title='bbox 527 2652 627 2701; x_wconf 80' lang='lat' dir='ltr'><strong>dierum</strong></span> <span class='ocrx_word' id='word_1_306' title='bbox 635 2652 800 2712; x_wconf 87' lang='lat' dir='ltr'><strong>noctiumque</strong></span> <span class='ocrx_word' id='word_1_307' title='bbox 810 2666 869 2699; x_wconf 84' lang='lat' dir='ltr'><strong>ver·</strong></span> 
     </span>
    </p>
   </div>
   <div class='ocr_carea' id='block_1_3' title="bbox 0 0 1039 3034">
    <p class='ocr_par' dir='ltr' id='par_1_3' title="bbox 0 0 1039 3034">
     <span class='ocr_line' id='line_1_39' title="bbox 0 0 1039 3034; baseline 0 0"><span class='ocrx_word' id='word_1_308' title='bbox 0 0 1039 3034; x_wconf 95' lang='lat' dir='ltr'><strong> </strong></span> 
     </span>
    </p>
   </div>
  </div>
 </body>
</html>
