2067 3034
161 182 215 238 326
412 184 522 233 AULl
558 184 716 231 GEthl

162 306 223 358 sunt
233 303 351 365 proiecto
361 301 551 351 huiuscemodi:
567 304 637 362 quod
652 316 734 361 neque
744 316 760 349 a
769 304 881 351 Platone
892 306 922 352 in
932 307 975 352 tot

160 388 269 421 numero
280 373 354 419 libris
364 370 461 419 mentio
472 384 580 427 usquam
589 373 660 417 tacta
669 371 705 415 sit
714 373 912 431 Xenophontis,
924 387 974 419 ue·

161 457 211 500 quc
231 442 291 488 item
309 433 403 488 contra
418 440 449 485 ah
465 453 497 484 co
511 439 642 497 Platonis,
662 438 690 483 iu
703 439 757 484 suis
772 440 860 497 lihris3
886 453 973 497 quau-

163 522 239 566 quam
248 512 372 567 uterque,
392 520 422 553 ac
436 505 548 552 maxime
558 506 648 564 Plato,
669 507 839 563 complurium
847 507 973 553 Socratis

163 577 320 623 sectatorum
329 573 357 619 in
367 572 535 630 sermonibus,
548 585 613 629 quos
624 572 737 631 scripsit·
753 574 972 619 commeminerit.

162 646 189 691 3.
208 642 239 687 ld
254 641 331 687 etiam
345 654 401 687 csse
415 655 469 687 non
483 640 599 685 sincerae
613 653 696 697 neque
710 640 807 686 amicae
823 641 971 687 voluntatis

162 709 287 757 indicium
297 707 473 762 crediderunt,
489 707 558 764 quod
566 706 711 764 Xenophon
722 706 821 765 inclyto
835 708 879 753 illi
889 708 970 766 operi

162 775 295 832 Platonis,
314 775 382 831 quod
397 775 428 821 de
439 775 536 833 optimo
548 777 618 819 statu
626 774 786 831 reipublicae
797 774 970 831 ciuitatisque

163 842 383 891 administrandae
394 842 516 899 seriptum
526 844 574 895 est,
583 841 659 886 lectis
669 853 703 886 en
712 854 743 886 eo
757 841 854 887 duobus
862 844 923 888 tere
934 841 969 887 li·

162 910 227 968 bris,
243 908 287 966 qui
297 909 372 967 primi
382 910 411 955 in
420 910 514 967 vulgus
523 907 650 964 exierant,
659 908 788 965 opposuit
798 911 890 954 eontra
900 922 966 954 con-

163 977 319 1034 scripsitque
342 976 471 1028 diversum
493 975 583 1032 regiae
611 974 847 1021 administrationis
875 989 969 1034 genus,

163 1045 234 1102 quod
243 1040 358 1095 παιδείας
368 1038 460 1105 Κύρου
472 1042 624 1099 inscriptum
633 1047 681 1089 est.
718 1044 743 1086 4.
762 1042 801 1089 Eo
816 1044 886 1089 tacto
901 1043 970 1088 scri-

162 1117 260 1171 ptoque
270 1110 326 1156 eius
336 1125 417 1168 usque
428 1111 493 1156 adeo
504 1112 647 1167 permotum
657 1123 713 1155 esse
723 1110 858 1155 Platonem
869 1112 969 1172 ferunt,

156 1183 194 1225 ut
207 1177 315 1235 quodam
329 1177 357 1222 in
370 1178 451 1235 libro,
470 1175 602 1222 montione
615 1177 676 1234 Gyri
690 1176 761 1234 regis
774 1177 870 1235 hahita,
880 1181 969 1224 retra-

157 1244 253 1296 ‚ctandi
262 1243 416 1301 levandique
427 1242 483 1289 eins
493 1243 580 1301 operis
590 1244 687 1302 gratia,
708 1243 793 1289 virum
801 1245 904 1301 quidem
916 1247 969 1304 cy-

158 1326 223 1359 ¹rum
236 1324 331 1357 narum
346 1313 372 1362 ct
381 1313 512 1356 strenuum
521 1310 608 1355 tuisse
626 1309 734 1365 dixerit,
752 1309 869 1364 παιδείας
879 1307 906 1357 δ’
919 1306 968 1357 οὐκ

131 1379 136 1434 ’,
159 1373 256 1442 ,ὀρθῶς
265 1370 353 1439 ἧφθαι
362 1369 393 1423 τὸ
404 1369 535 1441 cuprinam:
552 1377 615 1423 haec
628 1377 701 1423 eninr⁴
709 1380 792 1424 ‹vcrha
802 1382 863 1424 sunt
872 1379 903 1425 de
915 1381 968 1437 cy-

132 1482 135 1487 .
161 1460 195 1494 ro
208 1445 334 1492 Platonis.
371 1447 394 1490 5.
418 1445 556 1490 Praeterea
573 1446 678 1502 putant,
697 1443 841 1504 id‘quoque
857 1446 964 1506 adisis,

163 1527 231 1571 quae
242 1512 312 1572 dixi,
326 1512 463 1571 accedere,
479 1512 548 1568 quod
557 1512 705 1569 Xenophon
713 1512 835 1572 inlibris,
850 1526 915 1571 quos
926 1514 967 1559 di·

159 1585 267 1630 ctorum
281 1582 356 1636 atque
371 1580 499 1625 tactorum
508 1579 630 1636 ,Socratis
645 1581 845 1626 commentarios
856 1593 966 1638 compo-

135 1703 136 1707 *
158 1646 308 1704 suiqnegat
316 1648 450 1700 Socratem
461 1646 491 1691 de
503 1645 571 1691 coeli
581 1649 657 1703 atque
666 1649 775 1693 naturae
786 1647 872 1693 causis
881 1648 965 1694 ratiu-

161 1714 289 1771 nihusque
299 1727 410 1769 unquam
418 1713 600 1772 disputavisse,
615 1725 645 1758 ac
655 1727 688 1759 ne
698 1714 850 1772 disciplinas
860 1715 965 1773 quidem

163 1786 276 1839 ceteras,
290 1794 354 1838 quac
363 1773 509 1842 μαθήματα
522 1780 614 1826 Graeci
624 1781 765 1840 appellant,
781 1796 845 1839 quae
856 1782 889 1828 ad
898 1783 965 1828 hene

161 1850 288 1909 beateque
304 1847 441 1894 vivendum
457 1861 509 1893 nou
529 1847 701 1906 pertinerent,
722 1850 767 1894 aut
784 1849 904 1907 attigisse
919 1853 965 1895 aut

162 1918 356 1974 comprobasse:
384 1914 532 1971 idcircoque
543 1915 654 1971 turpiter
662 1927 707 1961 cos
717 1915 822 1961 mentiri
831 1916 903 1974 dicit,
919 1916 965 1974 qui

162 1982 359 2029 dissertationes
370 1981 517 2027 istiusmodi
528 1981 631 2028 Socrati
645 1982 829 2028 attribuerunt.
855 1986 880 2027 o.
891 1984 963 2030 ilaec

130 2062 131 2065 ’
161 2055 256 2106 auteur,
271 2049 400 2108 inquiunt,
414 2048 559 2106 Xenophon
571 2049 753 2110 cumscripsit‚
775 2051 911 2096 Platonem
923 2051 963 2096 vi·

161 2116 258 2164 delicet
271 2117 389 2173 notavit;-
403 2116 431 2161 in
448 2115 522 2164 cuius
538 2115 612 2161 libris
624 2116 745 2162 Socrates
755 2117 861 2175 physica
871 2120 964 2163 etmu-

159 2183 215 2230 sica
229 2188 255 2238 et
268 2182 425 2242 geometrica
442 2182 556 2228 disserit.
591 2184 615 2227 i.
635 2183 765 2229 Sedenim
776 2184 806 2230 de
816 2184 963 2243 sirisopti-

157 2251 208 2295 mis
222 2253 249 2295 et
262 2250 423 2309 gravissimis
439 2249 461 2294 si
479 2249 634 2296 credendum
651 2250 700 2296 hoc
715 2253 760 2295 aut
779 2252 962 2310 suspicandum

158 2316 225 2371 fuit,
245 2330 347 2363 causam
362 2316 480 2374 equidem
496 2329 553 2361 esse
568 2317 681 2363 arbitror
690 2331 741 2363 non
752 2318 961 2378 obtrectationis,

158 2396 242 2439 neque
253 2383 380 2443 invidiae,
400 2397 483 2440 neque
494 2384 524 2430 de
534 2383 621 2441 gloria
630 2384 729 2431 maiore
738 2386 865 2496 parienda
875 2390 961 2431 certa·
1024 2381 1025 2386 ’

158 2448 253 2493 tionis:
274 2448 337 2495 haec
356 2450 424 2495 enim
444 2450 570 2509 procula
590 2451 737 2509 morihusp
755 2451 901 2510 ilosophiue
915 2454 961 2499 ah-
989 2485 990 2488 =

159 2515 232 2578 sunt,
251 2513 278 2558 in
297 2516 387 2572 quihus
403 2516 445 2562 illi
461 2519 511 2563 duo
529 2517 641 2563 omnium
656 2518 753 2563 iudicio
768 2520 959 2566 excelluerunt

159 2580 231 2634 (luae
246 2579 325 2636 igitur
339 2585 379 2626 est
393 2583 523 2638 opinionis
536 2583 612 2629 istius
627 2584 712 2631 ratioi
748 2589 771 2631 8.
789 2587 861 2632 Haec
871 2589 959 2644 prote·
982 2580 988 2592 ²

159 2650 201 2690 cto
213 2647 263 2690 est:
282 2647 459 2703 aequiparatio
475 2651 531 2709 ipsa
545 2652 694 2709 plerumque
711 2654 737 2696 et
746 2653 864 2710 parilitas
876 2654 958 2700 virtu·

157 2714 211 2758 tum
227 2710 296 2758 inter
310 2726 366 2764 sese
382 2717 554 2765 consimilium
560 2749 568 2779 ‚
588 2717 691 2766 etiamsi
709 2721 886 2769 contentionis
904 2724 958 2768 stu·
