2067 3034
316 164 485 213 blaivi.
521 166 598 213 GAP.
621 169 659 212 to.
839 160 891 212 369

90 285 150 337 tas,
176 280 229 329 nisi
252 280 279 327 in
297 281 366 340 legis
392 280 538 329 actionibus
556 282 781 329 centumviralium
799 294 891 327 eausa·

89 362 158 406 rum,
177 349 237 407 lege
252 349 364 395 Aebutia
377 349 444 406 lata,
462 350 597 407 consopita
610 349 657 396 sit:
676 349 789 400 studium
803 348 890 395 scien·

88 417 200 474 tiamque
214 419 347 474 praestare
361 416 443 462 debeo
457 416 524 463 iuris
538 420 565 463 et
577 416 671 476 legum,
693 429 833 472 vocumque
843 428 889 461 ea-

87 495 154 538 rum,
160 483 251 540 quibus
261 482 365 529 utimur.
377 484 468 529 &Tum
479 485 547 529 torte
557 484 765 539 quadarnlulium
771 481 886 537 Paulum,

87 551 191 609 poium
205 549 344 596 memoriae
354 552 459 596 nostrae
469 550 657 605 doctissimum,
680 551 887 608 praetereuntem

88 615 280 674 conspeximus.
316 619 356 665 lt.
375 618 401 662 ls
411 630 426 663 a
437 617 511 663 uobis
522 618 650 663 salutatus
659 621 828 675 rogatusque,
848 615 887 661 uti

87 683 119 728 rie
130 683 272 744 sententia,
291 682 372 739 deque
381 684 483 730 ratione
493 682 570 729 istius
582 684 701 731 vocabuli
710 695 757 730 nos
768 684 886 728 doceret:

88 750 141 802 Qui
151 750 179 795 in
189 748 273 808 plebe,
288 749 385 807 inquit,
399 751 513 797 Romana
522 750 666 797 tenuissimi
677 748 885 810 pauperrimique

87 819 175 875 erant,
194 829 276 873 neque
290 817 400 874 amplius
414 831 490 874 quam
503 818 577 864 mille
592 817 759 875 quingentum
773 815 841 862 aeris
858 819 886 861 in

87 897 192 930 censum
205 883 368 941 deferebant,
384 884 522 943 proletarii
532 885 659 942 appellati
674 887 744 941 sunt;
766 883 884 940 quivero

86 949 171 1009 nulio,
188 954 232 996 aut
243 963 363 1009 perquem
374 964 453 1008 parvo
464 965 523 997 aere
534 953 711 1010 censebantur,
727 949 885 1009 eapiteeeusi

85 1019 256 1075 vocabantur;
273 1021 403 1064 extremus
413 1020 496 1065 autem
504 1031 598 1064 census
607 1019 831 1076 capitecensorum
840 1030 885 1063 ae-

83 1083 122 1131 ris
137 1084 187 1131 luit
201 1084 311 1130 trecenti
324 1085 490 1144 septuaginta
504 1084 625 1144 quinque.
654 1088 692 1131 ll.
701 1084 755 1131 Sed
765 1083 886 1141 quoniam

83 1165 127 1200 res
138 1151 296 1209 pecuniaque
306 1151 444 1199 familiaris
454 1153 553 1199 obsidis
567 1154 647 1199 vicem
661 1151 829 1211 pignorisque
842 1163 884 1196 es-

83 1231 111 1265 se
127 1220 195 1276 apud
210 1219 395 1276 rempublicam
407 1219 556 1279 videbatur,
576 1220 722 1277 amorisque
737 1219 764 1263 in
775 1216 885 1276 patriam

83 1285 147 1332 fides
157 1284 282 1342 quaedam
293 1286 375 1341 inea,
395 1287 629 1344 ornamentumque
644 1290 711 1344 erat;
728 1298 812 1341 neque
823 1297 884 1342 pro-

83 1351 183 1410 letarii,
199 1365 281 1408 neque
291 1353 447 1411 capitecensi
456 1355 562 1409 milites,
577 1353 630 1400 nisi
639 1353 667 1399 in
677 1354 789 1399 tumultu
799 1350 884 1398 maxi-

83 1431 136 1474 mo,
147 1418 335 1477 scribebantur3
356 1419 417 1476 quia
427 1421 528 1467 tamilla
538 1416 719 1482 [pecuniaque]
730 1420 778 1475 bis,
792 1420 837 1464 aut
845 1423 884 1464 te-

65 1483 159 1542 nuis,
179 1486 223 1530 aut
239 1485 314 1532 nulla
332 1488 411 1534 esset.
447 1488 488 1537 12.
509 1487 713 1534 Proletariorum
723 1489 809 1533 tumen
819 1485 883 1531 ordo

84 1550 221 1599 honestior
230 1551 372 1612 aliquanto,
383 1556 446 1601 atre
457 1557 483 1600 et
492 1554 606 1610 nomine,
621 1567 696 1611 quam
706 1553 883 1611 capitecenso-

63 1662 67 1667 .
82 1631 142 1665 rum
153 1618 214 1665 suit:
231 1620 268 1664 13.
273 1632 332 1666 nam
341 1624 367 1666 et
377 1621 476 1679 asperis
486 1621 645 1680 reipublicae
655 1621 883 1680 temporibus,cum

83 1684 228 1732 iuventutis
238 1684 327 1754 inopia
336 1690 417 1747 esset,
436 1688 464 1734 in
478 1687 598 1735 militiam
607 1690 799 1737 tumultuariam
809 1687 882 1746 lege·

63 1797 67 1802 .
82 1753 187 1809 bantur,
196 1765 315 1809 armaque
324 1753 358 1801 iis
368 1759 451 1802 sumtu
461 1756 566 1813 publico
575 1759 774 1816 praebebantur:
794 1758 820 1801 et
829 1766 882 1799 non

64 1865 68 1872 ,
83 1819 179 1879 eapitis
189 1819 320 1882 censione,
326 1822 372 1868 sed
382 1823 548 1881 prosperiore
558 1824 685 1870 vocabulo
696 1838 712 1870 a
721 1835 828 1869 munere
838 1820 882 1866 ot-

82 1886 194 1945 ficioque
203 1887 286 1947 prolis
297 1889 411 1940 edendae
421 1889 548 1948 appellati
558 1893 631 1948 sunt:
651 1891 726 1948 quod,
737 1904 794 1938 cum
803 1901 832 1933 re
842 1889 881 1933 la-

64 1954 182 2008 ¹miliari
201 1966 281 2013 parua
298 1955 382 2003 minus
402 1959 509 2021 possent
522 1949 705 2015 rempublicam
719 1958 821 2006 iurare.
838 1966 882 1999 su-

82 2019 153 2069 bolis
168 2023 253 2068 tamen
272 2023 416 2082 gignendae
435 2023 512 2082 copia
525 2023 658 2071 civitatem
676 2023 879 2081 frequentarent.

64 2137 70 2144 ,
84 2090 124 2137 14.
144 2088 325 2147 Gapiteeensos
335 2096 420 2137 autem
429 2091 527 2148 primus
537 2092 565 2139 G.
575 2091 682 2152 Marius,
692 2090 830 2147 etquidem
841 2089 881 2133 ie·

79 2159 151 2217 runt,
162 2155 232 2203 bello
239 2157 365 2205 Cimbrico
376 2157 535 2204 difficillimis
543 2157 704 2215 reipublicae
714 2156 880 2215 temporibus,

66 2224 125 2286 ‚vel
138 2222 241 2281 potius,
260 2226 290 2269 ut
299 2224 441 2271 Sallustius
455 2224 501 2283 ait,
520 2225 591 2272 bello
601 2224 764 2283 iugurthino,
782 2221 879 2268 milites

80 2289 217 2350 scripsisse
232 2291 355 2349 traditum
375 2306 432 2339 eum
446 2292 473 2337 id
487 2293 583 2338 iactum
595 2295 656 2338 aute
666 2291 692 2337 in
702 2291 774 2338 nulia
783 2303 881 2336 memo·

80 2356 122 2408 ria
141 2359 265 2405 exstaret.
306 2362 345 2407 15.
367 2359 565 2405 ASSIDUUS
583 2358 611 2405 in
630 2358 766 2411 duodecim
783 2355 878 2403 tabulis

81 2426 127 2471 aut
135 2437 182 2483 pro
193 2424 325 2484 locuplete
335 2427 362 2472 et
371 2424 449 2472 facile
458 2438 550 2471 munus
559 2426 671 2473 iaciente
682 2425 778 2486 dictus,
798 2425 827 2470 ab
838 2435 879 2470 as-

82 2490 161 2549 sibus,
167 2490 193 2536 in
204 2496 251 2547 est,
263 2506 322 2540 aere
331 2492 425 2550 lanio,
436 2506 492 2540 cum
502 2491 530 2538 id
539 2495 656 2552 tempora
666 2492 823 2551 reipublicae
833 2503 879 2549 po-

81 2558 222 2618 stularent3
237 2563 282 2605 aut
292 2573 308 2605 a
315 2560 430 2607 muneris
440 2573 487 2619 pro
498 2560 622 2607 familiari
632 2559 708 2618 copia
718 2558 829 2607 fecicum
839 2570 881 2604 es·

80 2622 212 2672 uiduitate.
248 2628 287 2672 lo.
304 2627 389 2674 Verba
398 2630 483 2674 autem
492 2628 613 2694 Sallustii
623 2628 649 2674 iu
659 2627 778 2675 Historia
787 2627 879 2683 Iugur·-

81 2690 155 2804 tinga
170 2691 201 2737 de
212 2694 239 2738 c.
249 2695 335 2743 Mario
350 2696 458 2742 consule
475 2698 502 2743 et
511 2696 543 2743 de
550 2696 725 2758 capitecensis
734 2695 798 2743 baec
808 2693 879 2739 suut:

132 2758 274 2806 'esurus
552 2785 553 2788 =
626 2764 672 2811 Aa
