2067 3034
137 110 212 197 Ι110
357 131 520 196 *lunt
555 131 718 194 (1111111

161 269 275 324 unisset,
291 280 372 330 coque
382 266 442 314 loco
454 267 544 314 hostes
557 263 635 325 potiti
645 265 740 324 essent,
750 261 916 323 rescripsisse
927 262 967 311 di·

122 365 124 372 ·
162 337 211 396 cit,
233 348 292 381 cum
307 348 407 392 quoqne
417 333 500 381 civica
512 334 617 392 dignum
627 332 723 391 videri3
743 333 810 389 qnod
822 333 966 390 appareret,

163 406 215 448 tam
225 402 314 459 iniquo
325 402 385 448 loco
396 401 479 447 civem
489 404 520 448 ab
531 414 563 446 eo
573 403 717 458 servatum,
736 402 766 445 ut
777 399 854 445 etiarn
865 412 879 444 a
890 398 969 445 torti-

162 473 204 516 ter
214 469 387 528 pugnantibus
401 468 509 515 retineri
524 482 577 514 non
589 467 709 525 quiverit.
747 468 786 513 15.
805 467 860 511 Hac
871 478 969 512 corona

165 529 248 583 civica
263 537 292 581 l..
308 534 423 594 Gellius,
443 536 484 582 vir
503 536 646 594 censorius,
667 534 694 580 in
712 536 803 580 senatu
819 533 970 580 Ciceronem

165 602 300 650 consulem
314 602 406 668 dpnari
423 616 437 647 a
452 604 585 661 republica
599 601 712 659 censuit,
732 602 800 659 qnod
819 600 875 646 eius
889 614 970 659 opera

164 671 234 716 esset
243 669 406 714 atrocissima
416 669 464 714 illa
474 671 602 715 Catilinae
613 668 760 714 coniuratio
771 669 871 714 detecta
882 667 971 712 vindi-

165 741 281 793 cataque.
318 738 358 782 16.
376 737 492 785 Murato
502 742 542 784 est
552 750 658 793 corona,
668 750 718 793 qua
728 736 838 781 donatur
848 737 878 781 ab
889 739 971 793 impe·

165 801 626 865 111010,οιιὶ11111111111111111101111111,
637 804 714 860 inque
725 802 845 861 oppidum
856 802 971 848 hostium

164 883 213 938 per
230 870 283 917 vim
296 870 421 917 escendit.
457 871 557 919 Idcirco
572 871 646 929 quasi
659 870 725 917 muri
740 869 827 928 pinnis
847 869 970 916 decorata

167 942 215 983 est.
251 939 291 983 11.
311 939 460 985 Castrensis
471 941 511 984 est
521 952 627 993 corona,
641 950 690 995 qua
701 938 779 983 donat
790 950 847 982 eum
856 937 969 995 impera-

165 1001 217 1062 tor,
228 1004 271 1062 qni
281 1005 378 1062 primns
387 1006 502 1052 bostium
512 1008 597 1053 castra
606 1018 723 1064 pugnans
733 1003 860 1050 introivit.
882 1007 919 1049 18.
930 1003 970 1049 Es

168 1084 264 1118 corona
274 1071 376 1130 insigne
386 1073 451 1118 valli
461 1073 548 1119 babet.
584 1073 696 1119 lincolie
706 1074 754 1126 est,
765 1084 815 1129 qua
825 1071 917 1117 donari
927 1084 971 1117 so-

165 1138 206 1186 let
218 1139 348 1185 maritimo
366 1139 469 1197 proelio
483 1140 528 1198 qui
543 1139 641 1199 primus
658 1139 685 1185 in
698 1139 812 1188 bostium
825 1151 971 1184 1111011111-

164 1201 251 1253 inatus
267 1205 292 1251 vi
302 1205 455 1252 transilivit.
491 1208 531 1254 Ea
545 1207 617 1265 qnasi
629 1206 733 1252 navium
742 1206 835 1252 rostris
846 1204 972 1264 insignita

115 1295 117 1304 .
169 1274 218 1319 est.
264 1274 305 1318 111.
332 1271 367 1318 Et
376 1273 489 1321 muralis
508 1277 595 1321 autem
615 1277 641 1320 et
661 1276 803 1321 castrensis
822 1275 849 1319 et
867 1275 972 1320 navalis

88 1331 95 1346 '
165 1338 224 1386 11011
243 1353 277 1386 ex
296 1352 360 1386 suro
380 1341 473 1387 solent.
509 1344 552 1388 2⁰.
571 1343 663 1389 oculis
681 1353 743 1388 vero
759 1354 855 1387 corona
872 1344 989 1399 myrtea-

169 1409 218 1453 est.
254 1408 296 1451 21.
305 1407 353 1454 'Ea
362 1409 501 1456 utebantur
511 1409 688 1468 imperatores,
705 1407 748 1465 qui
759 1404 866 1454 ovantes
876 1407 971 1453 introi-

165 1469 230 1520 bant
239 1476 336 1520 urbem.
372 1474 476 1522 Ovandi
485 1479 585 1540 autem,
605 1472 636 1523 ac
645 1489 698 1521 non
707 1475 880 1534 triumphandi
893 1487 973 1521 cansa

166 1544 220 1597 est,
235 1554 292 1586 cum
302 1543 348 1587 aut
357 1542 429 1588 bella
438 1556 491 1589 non
500 1543 552 1589 rite
562 1543 669 1602 indicta,
684 1556 766 1601 neque
777 1556 832 1588 cum
844 1542 913 1600 iusto
923 1542 973 1588 ho·

167 1609 209 1655 ste
223 1611 297 1666 gesta
311 1611 383 1666 sunt3
405 1613 450 1655 aut
461 1610 575 1656 hostium
590 1623 682 1656 namen
697 1609 794 1655 humile
809 1611 835 1654 et
848 1622 900 1655 nos·
913 1609 972 1655 ido-

168 1689 245 1723 neum
255 1677 302 1734 est,
313 1678 342 1722 ut
352 1689 484 1723 servorum
495 1678 699 1736 piratarumque:
719 1678 772 1732 aut,
784 1676 917 1723 deditione
927 1690 971 1722 re·

165 1739 245 1802 pente
256 1744 333 1800 lacta,
350 1743 521 1805 impnIvcrea,
536 1748 566 1791 ut
577 1744 627 1790 dici
639 1744 720 1804 solet,
736 1744 920 1801 incruentaque
932 1743 973 1789 vi-

170 1809 252 1855 atoria
267 1810 380 1856 obvenit.
415 1813 456 1856 22.
475 1810 523 1858 cui
538 1811 661 1857 facilitati
680 1813 765 1870 aptam
784 1823 841 1857 esse
859 1810 972 1857 Veneris

169 1877 287 1923 trondem
297 1877 473 1936 crediderunt,
493 1879 561 1936 quod
570 1892 623 1924 non
632 1878 754 1932 Martius.
775 1878 819 1923 sed
836 1878 909 1936 quasi
919 1879 972 1922 Ve-

167 1937 256 1990 nenius
266 1943 367 2000 quidam
378 1944 520 2002 triumphus
533 1946 610 1992 toret.
646 1948 685 1991 23.
700 1945 773 1990 Hanc
786 1948 910 2004 myrteam
927 1958 972 1990 co-

168 2024 259 2057 ronam
277 2012 313 2056 Μ.
334 2012 454 2070 Crassus,
474 2024 543 2068 cum,
562 2012 633 2058 bello
654 2011 822 2069 lugitivorum
841 2014 971 2071 contecto,

165 2090 250 2124 ‘ovans
268 2077 381 2135 rediret,
405 2077 551 2126 insolenter
570 2081 722 2137 aspernatus
742 2082 794 2124 est:
814 2082 973 2135 senatusque

166 2144 314 2190 consultum
325 2145 472 2191 faciundum
482 2159 529 2203 per
538 2145 646 2203 gratiam
657 2145 766 2202 curavit,
779 2148 809 2191 ut
818 2145 903 2203 lauro,
918 2159 973 2192 non

166 2215 260 2270 muto,
272 2214 452 2258 coronaretur.
480 2214 521 2258 24.
535 2215 571 2258 Μ.
583 2214 647 2258 cato
658 2210 755 2259 abiecit
764 2213 799 2257 bl.
810 2212 905 2259 Fulvio
916 2213 972 2260 No·

165 2273 267 2335 iuliani,
282 2278 351 2334 quod
364 2278 462 2325 milites
472 2293 518 2337 per
528 2279 692 2326 ambitionem
709 2280 823 2339 coronis,
844 2279 971 2326 decausis

164 2338 318 2411 levissimis,
325 2343 454 2391 donasset.
467 2348 547 2392 21110
558 2360 607 2403 qua
616 2359 644 2391 re
654 2347 734 2392 verba
744 2344 801 2403 ipsa
806 2346 915 2405 apposui
922 2348 963 2392 Ca·

166 2410 238 2456 tonis
245 2424 250 2455 :
258 2411 326 2456 Nam
330 2414 462 2471 principis
471 2417 529 2473 qais
537 2414 972 2474 1101111110αυηανίᾳκεηᾳηαηι,

165 2492 223 2525 cram
234 2478 353 2535 oppidum
363 2486 467 2538 captum
476 2495 528 2526 non
538 2488 617 2539 essct,
637 2486 686 2525 aut
695 2485 788 2525 castra
798 2480 909 2527 hostium
919 2495 971 2525 non

164 2545 273 2594 ⁴s'neesum
283 2540 388 2590 essent?
422 2547 463 2592 26.
481 2547 591 2594 Fulvius
604 2549 703 2606 autem,
714 2546 741 2591 in
753 2551 826 2604 quem
837 2548 887 2594 boc
896 2561 912 2592 a
922 2550 966 2593 Ca-

164 2615 228 2655 tone
238 2608 334 2655 dictum
344 2611 397 2670 est,
412 2614 516 2660 coronis
527 2616 670 2660 donaverat
679 2612 789 2670 milites,
803 2614 972 2671 quiavallnm

167 2679 329 2733 curaverant,
340 2679 386 2722 aut
395 2677 456 2736 quia
464 2682 571 2739 puteum
581 2683 685 2728 strenue
694 2680 831 2729 foderant·
841 2683 973 2728 2111110·
