2067 3034
337 203 409 249 ΗΒ.
429 204 477 251 Vi.
513 205 593 251 GAP.
611 209 636 252 6.
841 205 892 257 151

54 317 56 322 ’
86 321 327 385 uant,non10ngs:
346 319 385 367 uti
396 321 684 369 existimssseAlienum
695 324 805 379 ridetur,
824 326 893 383 quis

85 407 154 453 puro
166 391 193 437 id
204 403 262 435 esse
272 390 368 434 fuctum
379 388 492 446 scripsit.
504 391 636 436 6.Puture
646 396 732 438 autem
742 396 842 438 ueteres
852 394 893 438 ‹ii-

85 461 191 515 xerunt,
197 456 316 503 vacantis
321 469 355 501 ex
360 469 459 513 quoque
468 469 497 502 re
508 470 538 503 oe
547 470 601 502 non
611 458 758 505 necessaria
765 459 893 506 uutetiem
939 473 943 480 ¹

89 525 222 574 obstantia
238 526 264 569 et
276 523 364 569 aliena
378 525 482 569 auferre
497 526 523 569 et
536 538 571 571 ex
583 525 676 584 cidere,
687 530 726 585 et,
740 527 809 583 quod
823 528 894 573 esset

88 593 198 650 utile,ac
205 591 260 638 sine
266 590 330 635 vitio
341 589 481 652 videretur,
487 592 644 649 relinquere.
654 594 725 639 'LSic
735 607 895 651 uumquem-

87 662 167 707 bores
171 659 206 718 et
213 658 288 717 vites,
293 659 319 703 et
328 657 366 702 sic
376 657 574 705 etiemrationes
580 663 678 718 putari
683 661 788 706 uictum.
800 662 895 708 &Ver-

87 730 150 775 bum
163 739 265 784 quoque
283 725 367 783 ipsum
377 730 455 784 puto,
477 727 546 781 quod
562 726 732 774 declarandae
747 727 893 775 sententiae

87 797 196 858 nostroe
206 805 283 838 ceusu
293 791 412 848 dicimus,
428 804 482 837 non
491 792 578 850 signet
586 795 705 851 profecto
716 795 803 851 eliud,
817 808 894 853 qusm
937 819 942 829 «

87 862 117 909 iu
128 875 205 920 ogere
216 872 263 905 nos
273 859 300 905 in
309 872 338 905 re
349 858 425 904 dubio
436 859 602 917 obscuraque,
618 862 659 919 ut,
672 861 766 907 decisis
777 865 895 920 amputo-

88 929 176 987 tisque
190 926 264 973 falsis
279 925 457 987 opinionibus,
478 928 545 985 quod
562 926 679 974 uidentur
693 942 750 973 esse
764 941 852 974 verum
866 931 893 975 et

89 997 219 1054 integrum
230 995 256 1039 ct
264 994 449 1051 incorruptum,
462 993 629 1041 retineamus.
661 999 685 1040 9.
699 996 840 1053 Argentum
850 1010 893 1042 er-

89 1077 123 1121 go
138 1063 167 1107 iu
177 1060 384 1119 Carthaginiensi
394 1060 503 1126 foedere
510 1065 513 1074 '
515 1068 607 1119 putum
623 1061 717 1106 dictum
732 1075 798 1118 esse,
818 1062 893 1119 quusi

89 1135 262 1189 exputatum,
282 1129 480 1186 excoctumque,
500 1128 620 1184 omnique
631 1128 717 1174 ulienu
730 1128 840 1174 motoria
851 1143 894 1174 ce·

88 1210 166 1252 rens,
185 1194 352 1252 omnibusque
365 1207 400 1240 ex
415 1206 446 1239 eo
461 1194 533 1239 vitiis
548 1196 670 1241 detractis
684 1194 852 1242 emaculatum
867 1196 895 1241 et

90 1264 275 1311 candefactum.
318 1264 354 1306 1⁰.
380 1260 508 1319 Scriptum
530 1265 569 1308 est
588 1265 672 1310 eutem
688 1277 785 1322 purum
801 1268 893 1323 putum

88 1332 143 1378 nou
158 1331 185 1375 in
197 1328 403 1386 carthaginiensi
417 1329 501 1372 solum
511 1329 627 1390 foedere,
642 1330 687 1375 sed
697 1344 754 1375 cum
764 1328 792 1374 in
801 1329 892 1375 multis

89 1397 150 1445 eliis
160 1398 277 1442 veterum
287 1395 370 1448 libris,
382 1400 435 1441 tom
446 1391 549 1459 [etium]
561 1397 589 1440 in
599 1398 629 1449 Q.
640 1407 739 1454 quoque
749 1395 828 1441 Ennii
839 1397 893 1442 tru-

89 1464 194 1524 goedin‚
210 1476 274 1521 quae
286 1460 435 1507 inscribitur
444 1461 605 1524 Alexander,
620 1466 645 1508 et
655 1463 681 1508 in
692 1463 771 1509 satira
778 1464 815 1507 M.
825 1463 892 1510 Ver-

88 1532 172 1591 rucio,
183 1544 247 1589 quae
258 1528 383 1588 inscripto
393 1531 432 1574 est
442 1525 491 1588 Δὶς
501 1526 591 1582 παῖδες
602 1528 627 1574 οἱ
637 1529 762 1593 γέροντες.

353 1660 538 1712 CAPUT
573 1661 626 1713 Vl.

122 1747 215 1790 Temere
223 1746 340 1801 inepteque
348 1745 504 1798 reprehensum
514 1758 558 1787 esse
568 1759 584 1785 n
593 1743 653 1786 Iulio
664 1742 748 1797 urguo
762 1743 891 1798 Virgilium,

146 1805 208 1860 quod
224 1807 345 1857 praepetes
364 1799 465 1844 Dneuun’
481 1814 570 1856 petentes
591 1800 662 1842 uiuic:
688 1807 757 1856 utque
774 1799 818 1848 ihi,
838 1801 895 1866 puis!

144 1858 193 1901 sint
201 1870 253 1900 ‹sues
265 1862 397 1913 praepetes,
413 1862 436 1900 et
450 1858 504 1915 quisi
516 1856 571 1899 illae
583 1855 630 1898 sint
639 1868 703 1905 uues,
722 1869 777 1911 pum
786 1855 892 1909 lt'iguu‘us

144 1912 234 1971 inferus
246 1912 382 1968 appellauit.

102 2033 105 2036 ·
123 2012 148 2056 1.
166 2007 311 2066 Daedalus,
325 2006 440 2069 utfiznen
450 2013 497 2065 est,
503 2007 611 2068 fugiens
622 2005 724 2053 Minoia
733 2019 823 2065 regnu,
897 2007 899 2014 '

123 2076 294 2135 Praepetibus
301 2075 393 2134 pennis
403 2087 483 2120 austes
493 2088 520 2120 se
530 2074 636 2119 credere
646 2072 718 2119 coelo

122 2139 265 2207 [Insuetuus
273 2156 324 2200 per
334 2142 386 2185 s'ter
394 2141 496 2200 gelidus
506 2144 593 2186 enues't
602 2140 639 2183 usi
647 2138 762 2195 Arctosl.

86 2212 112 2257 2.
131 2212 160 2256 ln
176 2209 216 2256 his
227 2207 335 2266 Virgilii
347 2208 464 2253 uersibus
479 2206 647 2265 reprehendit
655 2205 766 2263 Higinus
774 2219 901 2265 praepa

87 2279 157 2324 tibus
165 2278 267 2336 pennis,
278 2274 351 2332 quusi
360 2274 500 2333 improprie
509 2276 536 2319 et
545 2274 638 2319 inscite
649 2273 751 2319 dictum.
787 2276 811 2319 3.
822 2271 903 2320 Num'

82 2351 237 2406 praepetes,
247 2342 342 2400 inquit,
357 2357 420 2389 unes
430 2344 464 2388 ab
474 2343 617 2401 auguribus
628 2334 807 2402 appellantur,
823 2355 889 2400 pune

86 2419 136 2459 aut
150 2417 295 2471 opportune
305 2401 480 2469 praeuoldnt,
500 2415 548 2455 unt
563 2409 669 2453 idonens
684 2408 756 2454 seties
772 2410 887 2467 cupiunt.

86 2482 111 2525 4.
129 2480 190 2525 Non
204 2481 263 2536 apte
279 2477 359 2535 igitur
372 2490 445 2523 usum
458 2478 539 2522 verbo
554 2474 673 2532 nuguruii
688 2474 848 2520 existimauit
862 2474 890 2520 in

85 2546 198 2594 Daedali
208 2543 378 2600 volotu,nihil
389 2545 419 2590 osi
430 2547 557 2601 augurum
564 2541 725 2599 disciplinam
734 2541 888 2600 pertinente.
901 2595 905 2604 1

87 2616 112 2659 t.
130 2612 181 2659 Sed
201 2611 313 2669 Higinus
333 2610 410 2655 nimis
429 2610 516 2655 hercle
536 2608 642 2666 ineptus'
661 2611 711 2664 est,
735 2617 804 2664 cum,
828 2605 903 2666 quid'

3 2665 7 2683 ⁸
83 2685 228 2740 praepetes
240 2679 339 2736 essent,
354 2690 381 2722 se
391 2677 458 2721 scire
467 2678 538 2722 retus
549 2680 601 2721 est:
621 2675 760 2732 Virgilium
770 2677 855 2720 nutem
864 2675 892 2718 et

87 2749 135 2794 Cn.
144 2745 268 2807 Matium,
286 2746 390 2791 doctum
403 2744 501 2805 virum,
515 2742 664 2802 ignor-osse,
685 2742 728 2800 qui
738 2741 766 2786 in
776 2741 891 2786 secundo
