2067 3034
142 118 193 173 268
388 121 497 172 Auni
532 124 701 173 eubuli.

144 241 281 302 gauderet,
301 244 331 289 ab
346 241 517 290 incommodis
527 243 646 290 omnibus
657 241 816 288 abhorreret.
851 240 951 287 Postea

142 312 189 368 per
204 310 362 356 incrementa
376 309 468 356 aetatis
479 313 573 357 exorta
582 324 596 356 e
606 309 747 355 seminibus
757 309 810 354 suis
819 307 888 354 ratio
900 310 950 364 est,

143 379 171 423 et
183 377 273 422 utendi
289 377 395 423 consilii
405 377 552 434 reputatio,
571 379 597 423 et
610 376 754 422 honestatis
774 375 951 433 utilitatisque

143 457 222 490 verae
232 444 426 502 contemplatio,
441 444 613 500 subtiliorque
624 445 649 488 et
660 442 826 501 exploratior
837 455 952 487 commo-

145 512 237 557 dorum
248 511 377 557 delectus:
396 513 472 567 atque
484 509 521 556 ita
535 523 597 568 prae
612 512 705 555 ceteris
721 509 839 555 omnibus
856 508 953 554 enituit

60 596 62 600 ’
145 581 172 625 et
185 578 323 636 praefulsit
337 577 426 623 decori
440 579 466 622 et
480 577 583 622 honesti
599 576 727 634 dignitas3
748 590 790 635 ac,
811 575 833 620 si
848 576 871 621 ei
882 576 953 621 reti-

144 645 245 693 nendae
260 645 448 691 obtinendaeve
464 643 652 690 incommodum
669 643 832 689 extrinsecus
842 642 953 699 aliquod

147 713 271 768 obstaret,
283 714 435 758 contemtum
447 713 494 756 est.
531 711 621 768 Neque
632 711 703 756 aliud
714 722 770 756 esse
780 723 841 755 vere
853 713 880 756 et
889 710 953 757 sim-

145 778 251 838 pliciter
264 780 358 824 bonum
372 778 424 824 nisi
440 778 591 836 honestum,
612 777 684 823 aliud
699 777 835 835 quidquam
844 779 952 835 malurn,

145 845 198 892 nisi
208 847 276 903 quod
285 848 359 903 turpe
371 845 447 904 esset,
462 844 639 891 existimatum
651 847 699 890 estz
733 844 845 901 Reliqua
854 845 952 903 omnia,

146 912 250 971 quaein
258 913 344 958 medio
355 914 451 967 torent,
456 926 485 957 ac
495 926 578 969 neque
589 913 699 958 honesta
709 913 886 969 essentneque
897 915 953 958 tur-

146 979 199 1040 pia,
215 993 298 1037 neque
308 981 376 1026 bona
385 994 442 1026 esse
452 994 535 1036 neque
548 980 617 1024 mala
628 979 759 1025 decretum
769 980 817 1024 est
851 979 954 1025 Produ-

148 1048 248 1095 ctiones
262 1050 346 1093 tameo
364 1050 391 1093 et
403 1047 546 1095 relationes
562 1046 616 1091 suis
631 1060 745 1103 quaeque
759 1046 895 1099 momentis
912 1046 954 1092 di-

148 1114 259 1161 stinctae
278 1114 427 1193 divisaeque
446 1116 514 1174 sunt,
535 1127 599 1171 quae
617 1127 801 1175 προηγουμινα
820 1111 864 1158 καὶ
882 1106 953 1159 ἄπο-

148 1172 330 1245 προηγούμενα
344 1181 395 1238 ipsi
408 1184 510 1227 vocant.
545 1180 690 1238 Propterea
708 1180 829 1238 voluptas
850 1194 952 1238 quoque

148 1253 175 1295 et
189 1249 278 1303 dolor,
298 1248 364 1305 quod
380 1248 411 1293 ad
428 1246 526 1294 finem
519 1261 604 1305 ipsum
622 1250 686 1294 bene
705 1249 830 1326 beateque
844 1247 954 1295 vivendi

149 1315 270 1374 pertinet,
286 1314 329 1361 et
322 1329 349 1361 ιιι
357 1315 450 1361 mediis
460 1315 563 1370 relicta,
579 1317 605 1360 et
614 1329 695 1372 neque
707 1314 735 1359 in
745 1315 820 1360 bonis
830 1329 914 1373 neque
925 1316 954 1362 in

148 1382 224 1429 malis
244 1381 357 1428 iudicata
376 1385 444 1429 sunt.
478 1388 502 1429 8.
521 1383 571 1428 Sed
587 1382 655 1429 enim
670 1381 791 1439 quoniam
803 1381 844 1427 his
860 1382 955 1441 primis
979 1413 993 1427 ι

149 1449 267 1496 sensibus
279 1449 378 1496 doloris
389 1450 595 1509 voluptatisque,
615 1451 674 1494 ante
689 1448 795 1495 consilii
806 1451 831 1495 et
840 1448 953 1496 rationis

150 1520 281 1572 exortum,
301 1529 391 1563 recens
406 1521 482 1563 natus
499 1518 576 1562 homo
591 1515 703 1562 imbutus
715 1517 767 1573 est;
787 1517 813 1561 et
822 1517 952 1574 voluptati

149 1583 250 1641 quidem
261 1580 354 1628 naturd
364 1584 528 1641 conciliatus,
545 1584 660 1628 adolere
671 1585 756 1628 autem
766 1582 841 1641 quasi
852 1597 867 1629 a
877 1583 953 1642 gravi

149 1650 257 1707 quodam
272 1650 377 1697 inimico
395 1651 529 1697 abiunctus
540 1650 718 1707 alienatusque
729 1652 779 1696 est:
798 1649 896 1697 idcirco
908 1652 953 1697 at-

148 1717 275 1764 iectiones
286 1716 350 1762 istas
360 1717 478 1776 primitus
489 1716 644 1776 penitusque
655 1717 751 1763 inditas
758 1716 826 1762 ratio
834 1720 895 1774 post
905 1718 952 1763 ad·

149 1785 204 1831 dita
218 1785 367 1831 convellere
383 1785 413 1829 ab
429 1784 509 1842 stirpe
523 1785 598 1841 atque
613 1784 781 1842 exstinguere
794 1783 841 1830 vix
855 1785 952 1842 potest.

147 1852 249 1910 Pugnat
259 1854 344 1898 autem
354 1866 411 1898 cum
420 1851 453 1898 iis
465 1865 577 1909 semper:
597 1853 623 1897 et
637 1852 797 1898 exsultantes
807 1863 851 1897 eas
861 1850 952 1911 oppri-

147 1920 196 1965 mit
205 1919 359 1979 obteritque,
371 1921 397 1965 et
407 1932 497 1977 parere
507 1919 557 1964 sibi
569 1921 644 1974 atque
655 1918 761 1964 obedire
773 1918 849 1976 cogit.
869 1921 953 1965 alta-

149 2001 197 2046 que
207 1986 309 2032 vidistis
321 1985 509 2044 philosophum,
515 1987 618 2031 ratione
629 1985 725 2031 decreti
735 1984 777 2030 sui
787 1986 886 2040 nixum,
894 1999 953 2032 cum

148 2053 293 2112 petulantia
307 2053 388 2099 morbi
404 2052 554 2111 dolorisque
574 2053 738 2099 exsultantia
757 2052 951 2113 colluctantem,

147 2120 216 2166 nibil
227 2121 366 2179 cedentem,
377 2119 444 2165 nibil
456 2120 626 2178 confitentem,
637 2134 728 2178 neque,
739 2121 768 2164 ut
777 2118 894 2177 plerique
905 2117 952 2165 do·

148 2187 233 2233 lentes
245 2188 338 2245 solent,
350 2187 490 2233 eiulantem
500 2191 575 2244 atque
586 2188 776 2244 lamentantem,
789 2200 818 2231 ac
827 2186 952 2233 miserum

149 2265 206 2299 sese
216 2257 242 2299 et
251 2254 384 2299 infelicem
394 2255 582 2311 appellantem,
602 2254 647 2298 sed
658 2267 730 2299 acres
740 2256 840 2298 tantum
849 2253 952 2300 anheli·

148 2322 192 2365 tus
203 2322 229 2365 et
238 2322 357 2367 robustos
368 2321 476 2378 gemitus
487 2320 613 2379 edentem,
624 2321 696 2378 signa
707 2323 782 2377 atque
793 2319 890 2366 indicia
899 2334 953 2367 non

149 2385 213 2431 victi
223 2400 306 2443 neque
316 2387 433 2445 oppressi
443 2402 458 2435 a
469 2388 569 2444 dolore,
576 2388 622 2434 sed
632 2389 736 2433 vincere
747 2401 803 2433 eum
816 2390 893 2444 atque
905 2401 953 2445 op-

149 2452 260 2510 primere
276 2454 407 2499 enitentis.
443 2457 485 2501 lo.
504 2456 557 2500 Sed
570 2455 639 2501 haud
650 2455 713 2511 seio,
730 2453 822 2514 inquit,
840 2466 873 2499 an
884 2454 962 2501 dicat.

149 2517 253 2577 aliquis,
262 2517 346 2574 ipsum
356 2521 433 2575 iilud,
444 2522 512 2578 quod
523 2524 627 2582 pugnat,
642 2521 709 2579 quod
721 2520 808 2578 gemit,
824 2520 847 2565 si
856 2522 954 2567 malum

150 2583 226 2629 dolor
235 2595 287 2626 non
297 2585 345 2641 est,
357 2599 401 2629 cur
410 2600 517 2632 necesse
528 2591 568 2633 est
577 2602 678 2646 gemere
690 2591 716 2633 et
726 2590 855 2646 pugnaret
884 2586 953 2641 Quia

150 2647 219 2694 enim
229 2648 323 2707 omnia,
337 2662 403 2705 quae
413 2664 466 2698 non
476 2657 537 2699 sunt
546 2656 623 2715 mala,
637 2655 760 2701 molestia
770 2668 870 2713 quoque
881 2653 953 2701 omni
