2067 3034
292 137 375 185 LlB.
396 134 458 183 XV.
494 135 580 190 CAP.
601 138 627 185 4.
807 132 862 187 3δῖ

317 251 508 308 CAPUT
531 252 597 306 ..Ν

80 329 195 378 Historia
204 333 231 377 de
243 329 349 376 Ventidio
359 325 442 385 Basso,
459 331 561 400 igrsobili
567 320 669 384 lomina,
688 345 753 392 quem
758 324 862 390 primam

111 392 140 433 de
148 388 245 433 Partitis
254 386 411 444 bdmmbasse,
421 388 546 435 manerias
556 389 668 433 aaaron
676 396 716 434 est.

88 466 171 513 1.1n
187 462 354 514 sermonibus
371 478 455 523 nuper
473 465 525 512 fuit
543 465 675 516 seniorum
691 466 822 514 hominurn
836 468 863 513 et

51 530 229 591 eruditorum,
239 530 352 578 multos
344 545 372 586 ιιι
381 534 468 579 vetere
478 532 603 580 memoria
613 532 766 582 altissimum
777 532 863 593 digni-

50 598 120 644 tatis
130 597 238 656 gradum
248 596 395 646 ascendisse
409 598 616 657 ignobilissimos
626 598 698 659 prius
707 600 825 648 homines
835 602 863 647 et

53 663 287 723 despicatissimae.
322 665 347 710 2.
366 665 441 711 Nihil
451 665 515 711 adeo
526 668 612 712 tamen
623 667 653 714 de
663 680 790 725 quaquam
800 668 863 713 tan-

51 734 99 777 tae
110 730 276 777 admirationi
287 731 350 791 fuit,
366 734 478 790 quantae
489 734 607 791 luerunt,
620 747 687 792 quae
698 734 728 780 de
737 733 860 781 Ventidio

52 797 139 844 Basso
150 796 247 857 scripta
259 799 326 844 sunt.
363 801 387 844 3.
405 800 471 845 Eum
481 799 614 846 Picentem
624 800 714 859 luisse,
726 814 822 860 genere
834 802 861 846 et
875 831 877 834 -

52 864 116 911 loco
127 863 233 921 humili,
248 867 275 911 et
284 866 392 911 matrem
402 865 458 912 eius
469 866 616 925 aPompeio
627 868 769 924 Strabone,
782 868 860 913 Pom-

51 931 111 991 peii
119 929 208 990 Magni
218 932 307 992 patre,
323 933 395 980 bello
406 932 512 991 sociali,
532 947 582 992 quo
592 934 736 982 Asculanos
747 934 859 993 subegit,

52 1000 157 1058 captam
167 1012 223 1045 cum
237 998 294 1057 ipsc
305 1012 375 1058 esse;
394 1012 457 1046 max
471 1000 643 1057 triumphante
652 995 861 1060 Pompeio'Stra-

52 1067 133 1120 bone,
142 1078 200 1111 eum
209 1079 309 1124 quoque
319 1067 426 1123 puerum
437 1066 506 1113 inter
516 1070 617 1113 ceteros
627 1071 688 1114 ante
699 1082 802 1115 currum
812 1068 861 1114 im-

52 1132 186 1192 peratoris
197 1131 256 1178 sinn
265 1131 355 1180 matris
365 1135 466 1182 vectum
476 1129 549 1194 esse,
568 1136 643 1192 post,
658 1148 715 1190 cum
729 1133 861 1183 adolevis-

54 1201 109 1256 set,
126 1198 224 1245 victnm
234 1198 285 1246 sibi
294 1213 372 1264 aegre
383 1201 528 1260 quaesisse,
545 1215 653 1261 eamque
667 1202 772 1249 sordida
786 1201 861 1248 inve-

54 1266 128 1313 nisse
144 1265 323 1324 comparandis
336 1267 414 1320 mulie
428 1269 455 1313 et
468 1267 606 1329 vehiculis,
626 1282 690 1329 quae
700 1268 862 1329 magistrati-

54 1336 118 1395 bus,
142 1332 188 1390 qui
198 1332 290 1388 ,sortiti
304 1332 454 1392 provincias
469 1335 570 1395 forent,
590 1337 738 1394 praehenda
756 1336 861 1395 publico

56 1398 240 1459 conduxisset,
256 1400 285 1446 in
294 1400 346 1446 isto
357 1404 464 1460 quaestu
474 1403 563 1448 notum
573 1415 630 1456 esse
639 1402 862 1462 coanimantur-

57 1467 125 1525 sari,
145 1468 172 1513 et
187 1477 243 1520 cum
257 1480 288 1513 eo
297 1468 444 1525 profectum
454 1481 511 1514 esse
523 1467 552 1515 iu
562 1468 676 1524 Gallias:
697 1472 751 1516 tum
761 1470 822 1528 quia
831 1469 862 1518 in

57 1548 90 1582 aa
98 1532 235 1594 provincia
249 1534 313 1581 satis
323 1534 426 1581 naviter
434 1536 552 1583 versatus
562 1538 639 1595 esset,
656 1539 682 1583 et
692 1537 812 1595 deinceps
823 1535 862 1584 ci·

55 1600 107 1648 vili
120 1600 191 1647 bello
204 1602 324 1656 mandato
338 1600 389 1647 sibi
402 1602 549 1662 pleraque'
540 1602 650 1664 impigre
661 1606 688 1650 et
700 1606 908 1654 attenuere-1

57 1667 146 1725 sisset,
156 1681 210 1715 non
218 1667 313 1714 modo
305 1683 333 1715 ιιι
343 1668 484 1720 amicitiam
489 1669 617 1748 Caesaris,
628 1670 674 1724 sed
684 1685 719 1719 ex
729 1685 760 1718 ea
769 1671 797 1717 in
806 1685 862 1730 am·

56 1730 202 1796 piissimum
215 1748 314 1793 quoqne
328 1735 445 1782 ordinem
458 1736 621 1796 pervenisse:
647 1752 711 1786 mox
727 1727 862 1789 tribunum

57 1815 160 1864 quoque
170 1801 251 1860 plebi,
260 1815 290 1848 ac
300 1802 392 1851 deinde
401 1808 550 1862 praetorem
561 1806 687 1861 creatum,
704 1804 818 1862 atquem
828 1816 861 1850 eo
920 1844 924 1850 .

57 1873 175 1929 tempore
190 1868 329 1916 iudicatum
342 1883 399 1916 esse
414 1883 430 1917 a
445 1874 537 1918 senatu
549 1871 648 1917 bostem
662 1885 719 1918 cum
729 1871 766 1916 Μ.
776 1872 862 1928 Anto·

56 1936 116 1986 nio:
134 1938 195 1995 post
206 1949 269 1983 vero
283 1936 428 1983 coniunctis
440 1934 573 1998 partibus,
591 1951 644 1983 non
657 1936 792 1996 pristinam
803 1940 862 1983 tan-

58 2007 112 2051 tum
120 2003 272 2062 dignitatem
281 2017 458 2063 recuperasse,
470 2004 515 2052 sed
526 2004 712 2066 pontificatum,
727 2017 757 2049 ac
767 2003 861 2050 deindo

58 2069 222 2126 consulatum
236 2084 337 2128 quoque
351 2071 471 2130 adeptum
486 2085 555 2119 esse:
576 2085 682 2128 eamque
691 2084 746 2116 rem
756 2073 809 2122 tam
820 2070 862 2116 in-

57 2138 203 2186 toleranter
222 2138 315 2184 tulisse
333 2138 458 2198 populum
471 2140 627 2198 Romanum,
646 2137 691 2195 qui
709 2137 861 2185 Ventidium

58 2206 164 2253 Bassum
175 2204 328 2251 meminerat
343 2204 463 2252 curandis
476 2205 555 2251 mulis
569 2204 718 2266 victitasse,
736 2206 766 2255 ut
779 2204 859 2265 vulgo

58 2286 105 2332 per
113 2271 169 2318 vias
178 2272 251 2328 urbis
262 2271 385 2326 versiculi
395 2272 629 2331 proscriberentur:

94 2340 245 2386 concurrite
255 2351 339 2389 omnes
347 2352 470 2400 augures,
479 2339 645 2402 haruspices
642 2354 648 2366 ·

91 2407 243 2456 Portentum
253 2407 405 2453 trinitatum
415 2404 555 2471 conflatum
565 2412 714 2455 entreceur

91 2473 158 2522 Nam
167 2476 248 2520 mulos
258 2487 301 2540 qus
298 2473 441 2535 fricabat,
452 2475 543 2521 consul
544 2474 640 2535 suctus
650 2480 699 2521 est
861 2518 865 2528 ,

59 2542 83 2586 4
100 2539 217 2590 Itundem
230 2541 337 2587 Bassum
351 2539 495 2587 Suetonius
506 2541 674 2599 Tranquillus
684 2538 862 2600 praepositum

60 2619 117 2654 esse
131 2620 146 2654 a
158 2608 195 2653 Μ.
209 2606 325 2655 Antonio
338 2608 479 2668 prouinciis
486 2608 680 2688 orientalibus,
699 2607 861 2666 Parthosque

60 2676 90 2722 in
103 2673 206 2734 Syriam
223 2672 443 2738 introrumpeates
460 2665 544 2725 tribus
561 2679 591 2725 ab
611 2690 642 2725 eo
660 2675 771 2736 proeliis
787 2677 862 2722 fusos

95 2741 182 2789 darn
191 2751 258 2788 rus.
629 2745 650 2790 Y
