2067 3034
326 130 407 178 nse.
428 130 492 195 vu.
528 131 617 178 cus.
636 133 661 178 s.
835 129 896 184 '169

81 250 150 317 ‚regi
155 262 218 297 esse
228 249 333 310 fuctum,
342 247 411 298 uilis
419 250 507 297 tamen
513 247 653 296 adiuvandi
663 246 721 295 eius
730 249 815 308 gratia
824 251 895 299 lese·

89 319 154 366 rint.
189 317 231 363 26.
248 317 343 363 Postea
355 318 434 363 rerba
446 315 512 362 haec·
524 329 560 362 ex
573 316 661 366 eadem
677 316 797 364 oratione
807 320 895 377 pouit:

4 393 5 400 ¹
90 382 138 432 Ea
154 399 222 430 nuno
236 383 464 443 derepents'tanta
478 397 524 432 nos
538 378 665 440 beneficia
679 384 751 430 altro
765 386 893 449 citroque,

91 458 196 500 tantona
205 452 348 498 amicitiam
357 451 543 511 relinquenti
578 451 654 509 Quod
661 450 893 501 s‘llosdics’musso-

89 519 172 568 luisse
179 518 292 579 facere,
309 515 337 566 s'd
348 531 396 566 nos
402 520 508 577 prtum
511 517 609 581 facore
620 515 823 577 occupationes?
849 523 893 570 27.

89 587 156 642 Hoc,
170 584 270 644 inquit,
290 584 452 644 enthymema
464 598 575 642 nequam
589 584 747 631 etvitiosum
756 588 805 634 est
839 587 892 635 Re.

88 650 213 715 sponderi
224 651 293 698 euim
304 652 401 710 potuit:
420 650 600 709 aucupabimus
617 656 699 698 certe:
719 666 786 708 num,
802 652 892 712 sinon

91 718 316 779 occupaverimus,
330 717 516 779 opprimemur,
531 717 744 778 incidendumque
754 722 804 767 erit
813 721 841 768 in
850 722 892 770 in-

89 787 182 846 sidias,
198 784 313 842 aquibus
323 789 382 832 ante
392 798 440 831 uns
449 798 502 831 non
511 785 663 832 caves-imus.
698 790 739 833 28.
753 789 840 846 Recte,
847 790 893 842 ¹iu·

90 853 160 911 quit,
178 852 228 899 hoc
239 851 304 898 vitio
315 853 359 898 dat
368 851 485 898 Lucilius
495 853 575 911 posita
583 852 716 911 Euripidi,
735 855 817 911 quod,
836 871 893 905 cum

90 919 270 979 Polyphontes
282 931 331 966 rex
345 921 485 978 propterea
495 932 523 966 se
533 919 696 966 interfecisse
707 922 812 968 nauem
823 923 893 971 dice-

84 982 142 1048 ret,
148 984 238 1045 quod
231 998 287 1044 ipse
297 988 356 1032 onte
367 986 505 1033 consilium
516 986 548 1032 de
557 1000 621 1033 nece
631 985 687 1032 eius
698 987 822 1053 cepisset,
836 993 893 1039 lile·

91 1067 158 1114 ropa
170 1053 259 1123 statuis
268 1064 337 1100 uxor
345 1051 416 1100 hisce
427 1066 485 1099 eum
494 1053 581 1101 verbis
591 1053 712 1102 eluserit:

93 1135 163 1185 Et
172 1128 222 1199 γὰρ
234 1149 249 1182 o
251 1128 411 1199 '‘ipsiiss,
393 1149 427 1189 oc
438 1127 468 1183 σὺ
480 1128 536 1199 φῂς,
546 1134 652 1183 sistam
661 1129 743 1200 πόσις,

126 1213 186 1282 Χοὴ
198 1235 240 1266 και
231 1217 276 1266 oi
286 1212 422 1283 ‘slidesa‘
403 1233 438 1272 osc
444 1211 537 1282 χρόνος
546 1214 631 1279 δῆθεν
640 1218 734 1283 παρῆν.

93 1319 336 1382 testimoium,
351 1319 447 1379 inquit,
462 1319 538 1379 plone
548 1320 674 1368 stultitiae
684 1321 787 1381 plenum
798 1297 853 1385 est,
861 1337 894 1372 eo

92 1389 206 1438 consilio
222 1392 299 1446 atque
314 1403 344 1436 ea
359 1387 402 1433 dni
418 1390 502 1435 iacere
518 1388 587 1433 velle
598 1388 705 1446 aliquid,
715 1389 753 1435 uti
763 1404 895 1448 uunquam

92 1456 119 1505 id
133 1457 228 1513 iacias,
245 1455 313 1513 quod
329 1455 404 1502 velis.
440 1457 481 1501 30.
506 1455 557 1501 Sed
572 1454 696 1502 videlicet
705 1457 767 1503 Tiro
782 1458 894 1506 animum

91 1538 144 1572 uon
160 1523 284 1580 advertit,
304 1536 357 1570 nou
368 1535 425 1568 esse
440 1521 466 1567 iu
481 1520 598 1568 omnihus
608 1525 684 1569 rebus
699 1524 821 1571 cavendis
831 1539 894 1571 eau-

92 1591 149 1639 dem
159 1603 276 1637 causatus
295 1603 379 1646 neque
393 1590 520 1636 humanae
535 1588 603 1635 vitoe
617 1590 723 1648 negotia
737 1595 763 1637 et
777 1592 894 1640 actiones

87 1663 118 1714 ,et
134 1657 219 1705 ciliciis
234 1657 276 1703 vel
291 1656 442 1715 occupandi,
456 1655 499 1703 vel
514 1654 659 1717 differendi,
673 1658 717 1704 vel
732 1658 810 1704 etiam
822 1659 892 1706 ulci-

88 1725 195 1784 scendi,
221 1723 265 1771 vel
279 1723 386 1770 cavendi
400 1722 497 1769 similia
507 1737 572 1772 esse
586 1738 689 1784 pugnae
707 1725 891 1784 gladiatoriae.

92 1795 133 1841 st.
153 1792 219 1838 Nsm
229 1789 382 1850 gladiatori,
398 1790 542 1849 composito
554 1791 585 1836 ud
595 1792 772 1850 pugnandum,
790 1806 892 1852 pugnae

90 1859 155 1910 haec
165 1855 300 1937 proposita
310 1871 367 1904 sors
378 1860 426 1915 est,
438 1859 482 1904 aut
491 1856 618 1915 occidere,
628 1873 652 1905 ss
644 1859 837 1921 occupaverit,
847 1862 894 1908 sut

89 1919 250 2005 occumbere,
262 1924 285 1971 si
296 1925 444 1971 cessaverit.
478 1926 520 1971 ³2.
533 1924 672 1972 Hominum
682 1928 767 1971 autem
776 1925 831 1971 vita
840 1939 894 1974 non

89 1993 160 2042 um
153 1992 265 2054 iniquia,
279 2005 362 2050 neque
372 1996 423 2038 tam
433 1989 569 2038 indomitis
578 1991 806 2039 necessitatilsus'
785 2006 894 2039 circum·

90 2059 189 2120 scripta
211 2059 263 2118 est,
289 2060 318 2105 ut
338 2058 434 2106 idcirco
453 2057 526 2117 prior
546 2058 668 2105 iniuriam
685 2060 771 2105 facere
790 2059 892 2116 debeas,

91 2142 176 2188 quam,
187 2126 238 2172 uisi
230 2126 353 2181 sacaria,
362 2125 416 2185 pati
426 2125 520 2184 possis.
551 2128 592 2173 tt.
612 2126 688 2181 Quod
697 2129 795 2172 tuntum
805 2126 894 2174 aberat

91 2207 108 2242 a
126 2194 219 2254 populi
236 2193 346 2239 Romani
363 2192 561 2240 mansuetudine
580 2186 744 2270 [occupaueh
768 2195 798 2239 ut
816 2206 893 2253 saepe

92 2257 188 2309 etism
181 2275 208 2307 m
219 2273 276 2307 sese
288 2261 388 2306 factas
380 2259 491 2306 iniurias
500 2260 593 2305 ulcisci
602 2258 760 2319 neglexerit
779 2261 821 2306 34.
829 2261 894 2307 Post

92 2327 186 2376 deiude
199 2341 273 2374 usum
287 2339 343 2374 esse
358 2328 481 2375 catonem
495 2326 579 2372 dicit
572 2342 599 2372 m
614 2327 703 2373 eadem
717 2326 837 2373 oratione
851 2340 894 2373 ur·

91 2394 222 2454 gumentis
232 2407 322 2452 parum
331 2395 447 2441 honestis
458 2398 484 2440 et
492 2393 568 2439 nimis
579 2394 728 2456 audacibus,
739 2407 769 2439 ac
779 2407 831 2440 nou
841 2393 894 2441 viri

90 2462 159 2529 cius.
171 2461 255 2520 qualis
266 2461 324 2522 fuit,
334 2461 378 2508 sed
390 2460 470 2507 vafris
480 2474 511 2507 nc
522 2460 676 2517 fallaciosis,
692 2464 719 2507 et
727 2460 802 2518 qussi
814 2464 895 2508 Grae·

90 2524 182 2575 corum
197 2526 370 2587 sophistarum
385 2527 510 2576 solertiis.
548 2530 588 2575 at.
605 2530 683 2575 Nom:
701 2543 757 2575 cuns
771 2529 894 2575 odii-cere

88 2603 144 2661 tur,
159 2596 254 2655 inquit,
270 2594 471 2652 Rhodiensibus,
488 2596 556 2657 quod
565 2596 656 2644 delium
665 2596 766 2664 populo
776 2597 894 2643 Romana

84 2664 188 2731 facere
200 2664 356 2729 coluissent,
373 2664 478 2727 negauit
491 2677 593 2728 poem
610 2665 757 2725 sedignoscs
754 2651 893 2725 poposcit,
