2067 3034
343 164 416 216 mit.
433 170 465 216 V.
501 169 581 216 chr.
602 170 626 226 1.
835 172 888 226 123

81 282 214 343 queapud
229 283 332 333 veteres
347 284 418 333 servi
428 286 576 335 eonomine
587 288 701 335 fuerunt.
736 290 777 337 lt.
796 293 886 341 caeci-

2 392 6 409 ,
80 350 132 397 lius
143 365 247 409 quoque
255 352 303 398 ille
312 354 503 401 comoediarum
510 357 590 412 poeta
596 355 712 415 inclytus
722 371 813 405 sersus
824 361 885 408 tuit:

80 421 107 464 et
116 423 256 477 propterca
266 433 362 467 nomen
375 421 465 468 habuit
475 422 587 469 Statius.
623 424 672 469 Sed
682 429 774 482 postea
783 439 885 474 versum

79 485 208 600 §23:1¹3st
218 486 246 533 in
256 491 462 552 cognomentum,
473 489 671 549 appellatusque
681 486 744 557 [est]
757 493 886 541 coecilius

324 754 639 785 μα’-

183 916 405 983 LIBER
448 918 782 995 QUINTUS.

365 1076 542 1123 CAPUT
575 1076 597 1123 l.

110 1152 178 1201 Quod
184 1149 303 1196 Musonius
314 1152 467 1253 fiilosopius
479 1154 622 1210 reprehendit
632 1154 822 1214 inprobavitque,
833 1158 884 1201 iass-

138 1207 194 1252 duri
202 1207 313 1266 philosop
330 1224 368 1253 um
381 1210 524 1255 disserentem
538 1226 555 1253 ss
566 1211 748 1271 vociferantibus
762 1220 784 1257 et
799 1213 824 1257 ἐκ
833 1215 884 1257 isses·

136 1266 212 1308 duodo
223 1264 375 1319 gestientibus.
470 1284 477 1298 ·

81 1334 251 1421 Musonium
272 1375 452 1435 philosophum
479 1377 585 1425 solitum
609 1377 697 1426 dicere
723 1378 883 1438 acceptumst

82 1445 145 1489 cum
156 1442 437 1501 philosophus,inquit,
444 1443 568 1498 hortetur.
575 1447 672 1507 monet,
682 1447 782 1505 suadet,
793 1447 884 1493 obiur-

2 1527 11 1550 s
81 1514 133 1569 gat,
154 1509 260 1555 nliudse
275 1510 336 1566 quid
351 1510 546 1569 disciplinarum
556 1513 673 1569 disserit,
691 1515 757 1568 tum,
777 1514 821 1571 qui
837 1526 885 1559 au·

81 1578 168 1634 diunt,
180 1575 204 1622 si
215 1576 246 1622 de
257 1589 354 1622 summo
365 1581 392 1624 et
400 1578 488 1623 solutu
497 1581 602 1637 pectore
613 1580 701 1626 obvias
711 1580 883 1638 vulgatasque

79 1644 173 1691 laudes
187 1642 322 1701 effutiunt,
341 1643 364 1690 si
379 1644 512 1691 clamitant
523 1646 612 1702 etism,
623 1642 658 1709 [si
668 1643 792 1709 gestiunt]
803 1646 825 1692 si
835 1660 883 1693 so·

81 1724 140 1757 enm
149 1709 207 1755 eius
218 1709 415 1768 festivitatibus,
426 1712 449 1758 si
458 1714 572 1759 modulis
582 1716 728 1773 verborum,
743 1713 765 1759 si
776 1713 883 1772 quibus·

81 1778 139 1823 dam
148 1776 224 1834 quasi
234 1777 463 1833 frequentamentis
478 1779 606 1826 orationis
619 1786 769 1840 moventur,
788 1780 882 1838 exagi-

80 1848 177 1905 tantur,
188 1846 214 1889 et
223 1843 354 1902 gestiunt:
366 1850 421 1891 tum
430 1846 506 1904 scies,
522 1852 549 1893 et
558 1847 602 1904 qui
613 1846 676 1893 dicit
685 1849 711 1893 et
720 1846 763 1904 qui
774 1846 883 1894 audiunt

79 1913 177 1959 irnstra
190 1923 261 1957 esses
278 1924 361 1968 neque
375 1913 433 1959 illic
444 1913 628 1971 philosophum
637 1914 722 1971 loqui,
736 1914 779 1959 sed
794 1912 882 1959 tibici-

78 1992 138 2027 acm
147 1990 249 2024 canere.
284 1983 309 2024 2.
327 1979 435 2025 Animus
451 1976 552 2044 [enirm]
564 1980 659 2038 inquit,
678 1980 808 2027 audientis
823 1979 881 2039 phi.

77 2045 228 2103 losophnns,
242 2042 277 2106 si,
291 2058 357 2102 quae
366 2045 498 2100 dicuntur.
514 2048 593 2094 utilia
602 2061 632 2094 se
643 2047 757 2094 salubria
767 2051 839 2106 sunt,
854 2051 882 2095 et

78 2125 196 2160 errorum
209 2114 286 2170 atque
299 2111 423 2159 vitiorum
437 2114 579 2162 medicinas
589 2116 687 2171 lerunt,
706 2114 881 2161 laxamentum

78 2184 155 2238 atque
177 2178 260 2225 otium
280 2177 385 2237 prolixe
406 2182 564 2239 profuseque
585 2180 706 2227 laudandi
723 2181 879 2228 nonhabet.

78 2248 103 2293 2.
123 2245 248 2304 Quisquis
259 2244 306 2292 ille
315 2249 363 2304 est,
376 2247 420 2304 qui
431 2248 516 2303 audit,
531 2248 582 2294 nisi
591 2248 640 2293 illc
651 2250 690 2293 est
700 2247 778 2306 plane
789 2248 880 2307 deper-

77 2313 162 2375 ditus,
182 2313 251 2358 iuter
268 2312 350 2370 ipsam
367 2313 517 2373 philosophi
536 2314 681 2362 orationem
698 2316 724 2360 et
742 2314 879 2373 perhorre-

76 2382 248 2428 scatnecesse
258 2381 310 2439 est,
329 2381 356 2426 et
364 2382 459 2439 pudeat
468 2383 571 2441 tacitus,
590 2384 616 2428 et
625 2380 767 2440 poeniteat,
781 2386 808 2427 et
816 2395 879 2441 geu·

76 2446 147 2504 aest,
161 2449 188 2494 et
198 2445 354 2505 admiretur3
379 2450 404 2493 4.
416 2447 503 2494 varios
514 2450 580 2495 adeo
590 2449 679 2495 vultus
690 2448 879 2507 disparilesque

75 2526 169 2561 sensus
184 2515 271 2573 gerat3
290 2512 398 2573 perinde
410 2519 440 2559 ut
453 2528 510 2561 eum
526 2514 760 2573 conscientiamque
771 2515 829 2562 eius
838 2517 880 2562 at-

4 2595 12 2614 *
75 2581 170 2630 iecerit
187 2586 354 2638 utrarumque
371 2580 450 2627 animi
468 2583 579 2640 partium
597 2585 643 2629 sut
656 2581 818 2630 sincerarum
832 2586 879 2629 aut

74 2660 211 2707 eegrarum
221 2647 370 2707 philosophi
379 2650 556 2707 pertractatio.
583 2651 609 2697 5.
618 2650 758 2697 Praeterea
768 2648 880 2703 dicebat,

73 2729 193 2779 mnam
202 2716 368 2766 taudemnun
378 2716 468 2764 siesse
483 2719 515 2766 ab
524 2716 710 2765 admirationes
727 2714 881 2763 sinuatio·
955 2781 957 2787 y
