2067 3034
140 145 193 199 roo
392 145 695 196 spurcarum

142 284 158 317 u
170 267 245 317 vobis
259 265 361 316 scilicet
375 267 460 321 ebert,
479 264 618 325 pleraeque
633 264 699 311 istae
713 262 881 323 prodigiosae
891 279 951 312 mu·

141 337 222 384 lieres
237 337 336 383 fontem
349 334 425 380 illum
437 332 629 380 sanctissimum
643 333 770 391 corporis,
787 333 890 391 generis
900 334 951 380 bu.

140 404 212 451 mani
222 404 397 461 educatorem,
407 402 539 447 arefacere
550 409 576 446 et
585 399 752 457 exstinguere
762 414 821 445 cum
830 401 951 457 periculo

143 484 245 531 quoque
256 469 342 516 aversi
353 468 519 528 corruptique
530 467 607 514 lactis
618 467 749 523 laborant,
759 470 880 523 tauquam
890 468 953 526 pul·

144 537 301 586 chritudinis
315 535 365 582 sibi
379 534 494 594 insignia
510 535 675 581 devenustet:
699 534 767 592 quod
788 534 891 592 quidem
911 536 954 581 fa-

145 606 217 653 dunt
226 605 316 650 eadem
325 603 511 660 vecordia,quu
521 601 672 662 quibusdam
680 601 868 648 commenticiis
879 603 955 648 irau-

145 673 220 719 dibus
230 670 355 726 nituntur,
363 672 392 715 ut
402 671 487 717 foetus
499 682 601 727 quoque
612 669 662 727 ipsi
672 668 700 714 in
711 682 819 727 corpore
830 683 876 716 suo
889 684 955 717 con·

146 740 215 798 cepti
230 737 391 797 oboriantur3
411 750 444 783 ne
461 751 559 794 aequor
577 736 644 783 illud
658 738 755 783 ventris
772 736 906 796 irrogetur
922 751 954 785 ac

146 809 179 854 de
194 805 323 865 gravitate
338 804 427 852 oneris
441 806 467 851 et
480 805 669 864 labore'partus
682 805 795 850 fatiscat.
831 808 855 849 9.
875 805 954 859 Quod

147 888 205 921 cum
219 872 256 919 sit
267 872 374 931 publica
387 871 562 918 detestatione
573 872 751 927 communique
763 871 824 918 odio
835 871 954 932 dignum,

147 944 176 988 in
186 939 251 1001 ipsis
260 939 391 987 bominem
400 939 563 998 primordiis,
581 940 640 985 dum
650 939 762 1000 fingitur,
784 939 843 985 dum
854 939 956 986 auima-

146 1013 202 1069 tur,
221 1008 291 1054 inter
306 1007 375 1065 ipsas
391 1007 497 1054 artificis
507 1009 615 1053 naturae
625 1020 715 1052 manus
725 1006 889 1053 interfectum
900 1007 955 1053 ire:

148 1074 300 1137 quantulum
309 1074 370 1122 hinc
380 1074 520 1132 abest,.iam
532 1075 685 1133 perfectum,
700 1073 749 1120 iam
761 1074 884 1133 genitum,
902 1075 956 1121 iam

148 1144 243 1203 filium,
262 1142 365 1201 proprii
384 1144 461 1206 atque
477 1141 598 1189 consueti
613 1143 688 1198 atque
705 1141 804 1199 cogniti
819 1141 956 1200 sauguinis

149 1209 275 1258 alimonia
284 1209 403 1268 privaret
440 1210 480 1255 lo.
499 1209 551 1255 Sed
561 1208 627 1253 nibil
638 1208 747 1254 iutere‘st
760 1205 823 1271 (boc
835 1209 903 1258 euim
914 1208 958 1255 di·

149 1275 236 1335 citur),
253 1276 312 1322 dum
321 1276 408 1325 alatur
418 1278 444 1321 et
454 1276 540 1332 vivat,
556 1275 629 1322 cuius
639 1275 666 1320 id
675 1276 742 1321 lacte
753 1277 806 1322 fiat.
842 1278 881 1328 11.
902 1277 957 1323 cur

149 1345 231 1404 igitur
238 1343 290 1389 iste
296 1375 305 1400 ,
321 1343 364 1400 qui
375 1342 424 1388 hoc
435 1342 510 1404 dicit,
529 1343 587 1388 siin
599 1343 763 1402 capessendis
773 1346 881 1391 naturae
892 1357 957 1393 sen-

149 1413 220 1458 sibus
229 1414 282 1457 tam
293 1410 437 1467 obsurduit,
444 1410 536 1464 nonid
546 1424 645 1469 quoquc
657 1410 724 1455 nihil
733 1410 859 1458 interesse
870 1414 957 1470 putat,

150 1479 223 1526 cuius
236 1478 264 1524 in
279 1491 388 1537 corpore
403 1478 527 1537 cuiusque
544 1472 578 1524 ex
594 1478 720 1536 sanguine
732 1482 867 1525 concretus
877 1479 956 1525 homo

150 1551 176 1593 et
187 1546 298 1592 coalitus
310 1546 360 1592 siti
398 1547 437 1592 12.
457 1550 497 1593 An
507 1546 568 1604 quia
578 1546 670 1604 spiritu
680 1545 761 1591 multo
772 1549 799 1592 et
809 1548 896 1593 calore
908 1560 959 1595 ex·

151 1614 302 1671 albuit‚non
312 1612 379 1659 idem
390 1614 495 1673 sanguis
506 1616 547 1659 est
556 1628 624 1659 nunc
634 1613 661 1657 iu
671 1613 800 1672 uberibus,
809 1614 851 1671 qui
862 1614 890 1659 in
899 1617 954 1663 ute·

149 1694 180 1728 ro
192 1681 257 1726 fuiti
294 1681 334 1727 13.
354 1682 446 1727 Nonne
461 1682 508 1728 bac
523 1694 623 1740 quoque
639 1680 666 1725 in
676 1694 704 1726 re
715 1681 835 1727 sollertia
846 1683 957 1730 naturae

150 1747 256 1796 evidens
266 1750 313 1809 est,
325 1747 406 1807 quod,
419 1751 589 1807 posteaquam
598 1748 703 1806 sanguis
715 1747 761 1794 ille
772 1748 863 1807 opifer
873 1748 901 1794 iu
911 1762 959 1806 pe·

149 1816 293 1862 netralibus
307 1815 362 1861 suis
378 1829 452 1862 omne
469 1829 562 1873 eorpus
573 1815 684 1861 hominis
695 1815 781 1872 finxit,
800 1816 959 1868 adventante

149 1884 300 1942 lampertus
311 1884 439 1943 tempore,
456 1882 483 1929 in
493 1895 617 1941 supernas
628 1896 656 1928 se
666 1886 752 1940 partes
762 1884 872 1941 profert,
887 1885 914 1929 et
924 1882 960 1928 ad

150 1950 263 1997 fovenda
279 1950 347 1997 vitae
363 1953 439 2008 atque
453 1950 521 1996 lucis
535 1950 679 1996 rudimenta
688 1954 793 2008 praesto
805 1955 857 2008 est,
878 1954 960 1997 etre-

152 2032 213 2065 oens
223 2017 292 2063 uatis
302 2019 391 2063 notum
401 2018 427 2062 et
437 2016 594 2063 familiarem
602 2017 699 2063 rictum
708 2017 799 2064 offerti
820 2017 962 2070 lliluam·

152 2087 239 2131 obrem
249 2097 302 2130 nou
314 2085 410 2130 frustra
421 2083 547 2130 creditum
558 2087 610 2144 est,
631 2084 708 2130 sicuti
719 2086 805 2131 valeat
816 2085 848 2131 ad
859 2087 962 2143 fingen-

152 2153 197 2197 das
213 2153 331 2211 corporis
346 2155 421 2209 atque
437 2151 515 2197 animi
528 2151 712 2198 similitudines
723 2151 763 2198 vis
776 2155 802 2198 et
812 2156 906 2199 natura
916 2166 961 2198 se-

150 2218 248 2277 minis,·
261 2232 316 2265 non
329 2231 405 2265 secus
420 2220 452 2264 ad
467 2220 575 2264 eandem
587 2232 643 2265 rem
653 2218 730 2265 lactis
741 2233 841 2278 quoque
852 2219 962 2278 iugenio

146 2288 180 2330 ⁴et
190 2286 363 2343 proprietates
375 2285 472 2332 valere.
510 2288 550 2332 15.
569 2288 657 2344 Neque
674 2285 700 2331 iu
714 2287 863 2335 hominibus
874 2287 903 2333 id
913 2300 963 2333 so-

151 2352 219 2408 lum,
240 2352 285 2398 sed
299 2351 328 2397 iu
341 2352 482 2411 pecudibus
497 2366 598 2411 quoque
610 2352 825 2400 animadversum.
860 2356 927 2406 Nam
938 2354 964 2401 si

59 2465 62 2476 ¹
153 2417 242 2463 ovium
255 2418 324 2464 lacte
339 2418 417 2465 hoedi
432 2424 478 2466 aut
492 2433 628 2479 caprarum
642 2420 703 2479 agni
719 2422 837 2477 alantur,
857 2423 964 2470 constat

153 2485 236 2529 ferme
245 2483 273 2528 in
282 2484 323 2529 his
333 2485 420 2531 lanam
430 2487 578 2542 duriorem,
592 2486 620 2532 in
636 2486 693 2533 illis
704 2488 826 2547 capillum
838 2488 913 2548 gigni
921 2491 965 2536 te·

153 2549 293 2596 ueriorem.
317 2551 356 2596 ld.
372 2554 402 2598 ln
413 2554 549 2601 arboribus
560 2554 639 2601 etiam
648 2558 674 2601 et
683 2555 801 2613 frugibus
810 2556 895 2603 maior
904 2556 965 2614 ple-

152 2629 260 2675 rumque
270 2615 310 2662 vis
322 2619 347 2663 et
357 2620 471 2675 potestas
483 2624 535 2680 est,
556 2622 588 2667 ad
600 2636 688 2668 earum
697 2622 812 2668 indolem
821 2623 864 2669 vel
875 2624 966 2670 detre-

153 2684 270 2729 ctandam
279 2683 323 2729 rel
334 2687 488 2749 sugendam,
509 2701 633 2746 aquarum
645 2693 722 2747 atque
736 2692 876 2753 terrarum,
896 2705 965 2750 quae
