2067 3034
1013 27 1018 105 l

146 124 202 179 css
398 123 509 171 ‚suns
542 121 703 174 censis
1016 131 1017 184 t

146 243 252 295 Claudii
266 242 390 301 legisses,
410 239 501 299 optimi
514 242 542 288 et
555 239 726 287 sincerissimi
736 236 885 299 scriptoris,
905 239 952 287 do·
1016 187 1018 298 i

148 314 247 365 coisset
257 316 286 357 te
296 311 415 369 protecto
426 307 580 366 Archelaus,
598 308 669 365 regis
678 307 840 353 Mithridatis
850 308 951 364 praele-
1018 358 1020 362 y

150 385 221 434 ctus,
235 392 285 437 qua
299 376 400 422 medela
409 388 510 431 quaque
519 373 641 420 sollertia
650 374 735 432 ignem
747 374 909 432 defenderes,
923 376 955 419 ut
1017 391 1020 436 t

151 463 185 496 ne
195 446 251 493 ulla
259 448 304 490 tus
314 442 457 489 aedificatio
468 455 485 487 e
499 440 586 498 ligno,
606 442 727 498 correpta
737 443 813 497 atque
823 439 954 485 insinuata
1018 453 1019 468 ¹

150 514 271 569 dammis,
293 511 402 556 arderet.
437 512 460 554 5.
478 507 648 553 Percontatus
663 519 713 565 ego
724 521 794 563 snm,
813 506 873 563 quid
883 508 956 552 esset
1018 521 1020 582 p

152 582 220 629 illud
230 578 324 625 mirum
334 573 510 632 Quadrigarii.
540 577 563 619 6.
577 573 691 632 Repetit:
711 572 874 632 lneoigitur
885 572 955 619 libro
1019 589 1020 592 ¹

102 699 105 704 ¹
153 648 276 706 scriptum
290 641 391 696 inveni:
410 642 471 687 Cum
485 645 648 698 oppugnaret
661 639 689 685 1..
701 639 777 686 Sulla
791 640 818 685 in
828 642 898 685 terra
908 642 955 685 At-

151 715 206 763 ties
223 712 356 767 Piraeum,
384 709 411 754 et
434 709 527 753 contra
545 706 688 752 Archelaus
707 705 777 764 regis
796 705 956 765 Mithridatis

150 779 299 842 praefectus
313 789 347 822 ex
361 787 394 821 eo
408 774 505 832 oppido
521 774 709 831 propugnaret,
728 772 820 818 turrim
841 772 957 830 ligneam

153 844 312 894 defendendi
321 841 405 902 grstia
414 843 546 896 structam,
561 853 618 885 cum
628 852 661 885 ex
672 838 742 885 omni
752 840 835 885 latere
846 838 957 885 circum-

150 915 233 974 plexa
245 910 301 970 igni
314 911 396 967 toret,
415 907 505 956 ardere
519 919 573 952 non
586 905 687 966 quisse,
708 907 777 963 quod
786 907 817 951 ab
827 905 956 952 Archelao

146 978 267 1028 ‘alumine
280 977 364 1025 oblita
376 975 478 1021 luisset.
514 975 540 1018 t.
556 974 646 1019 Verba
653 971 819 1031 Quadrigarii
832 985 909 1019 exeo
921 971 957 1018 li·

145 1040 201 1098 ‘hro
210 1048 274 1093 haec
284 1046 356 1091 sunt:
382 1043 445 1089 Tuas
456 1040 533 1088 Sulla
547 1047 658 1089 conatus
670 1045 721 1098 est,
740 1047 768 1085 et
777 1047 891 1099 ternpore
901 1054 959 1084 ssa-

151 1129 203 1177 gno
213 1113 305 1160 educit
314 1111 420 1169 copias,
439 1113 467 1153 set
476 1105 602 1153 Archelai
610 1110 705 1153 turrim
714 1121 805 1168 unam,
824 1121 904 1166 quarn
912 1107 960 1151 s'tle

106 1196 113 1202 ·
153 1179 322 1240 interposuit,
341 1178 452 1236 ligneum
468 1174 624 1220 incenderet.
668 1175 759 1220 Venit:
778 1175 905 1221 necessit:
925 1174 961 1219 ls'-

151 1264 207 1311 gna
220 1245 344 1295 subdidit:
363 1242 490 1289 submouit
502 1241 631 1288 Graecos:
650 1243 733 1301 ignem
745 1241 868 1287 adssoss‘t.
905 1238 960 1286 Sa·

154 1320 190 1364 sis
201 1313 313 1362 suntds'u
328 1310 431 1357 conati:
450 1322 579 1369 nusquam
594 1310 732 1368 quiverunt
746 1309 897 1354 incendere:
915 1309 960 1354 ita

153 1381 302 1432 Archelaus
316 1390 412 1424 omnem
425 1377 566 1423 materians
579 1375 716 1422 obleverat
725 1376 847 1421 alumine.
884 1375 963 1433 Quod

156 1450 238 1497 Sallu
247 1454 324 1508 atque
334 1444 429 1491 milites
438 1444 631 1501 mirabantury
643 1448 679 1504 et,
686 1449 827 1505 postquam
836 1456 889 1490 nan
900 1456 961 1490 sac-

154 1516 249 1571 cendit,
259 1513 369 1561 reduxit
378 1513 483 1571 copiasae

424 1608 607 1661 CAPUT
642 1609 682 1660 ll.

187 1680 252 1730 Quod
263 1675 334 1721 Pluto
344 1677 369 1720 in
379 1676 452 1727 lebni,
473 1690 529 1734 prees
539 1676 573 1720 De
582 1674 680 1731 Legibus
690 1676 827 1734 corripuerit,
846 1675 966 1734 largiores

214 1734 360 1789 laetioresque
372 1733 396 1774 in
415 1732 525 1776 conviviis
540 1732 729 1776 s'rsns'tuts‘sosculus
743 1734 794 1777 nissi
804 1746 852 1776 nnn
871 1733 968 1778 smera

212 1801 256 1835 esu
265 1789 436 1834 existimaverit.
878 1799 881 1806 ·

193 1855 216 1899 l.
236 1853 279 1898 Ex
299 1850 386 1896 insula
399 1850 475 1895 Creta
488 1848 613 1907 quispiam
628 1850 739 1896 aetatem
751 1848 862 1896 Athenis
881 1862 969 1909 agens

155 1918 322 1969 Platonicum
329 1929 386 1964 esse
396 1928 425 1962 se
435 1917 617 1974 philosophum
627 1916 740 1978 dicebat,
755 1920 782 1963 et
791 1916 910 1964 viderier
920 1930 969 1975 ge-

157 1988 262 2036 stiebat.
292 1989 317 2031 2.
330 1985 394 2030 Erat
404 1986 490 2029 sutem
499 1983 577 2029 nihili
588 1983 664 2030 horno
676 1987 702 2031 et
711 1986 831 2042 nugator,
845 1985 929 2040 atque
940 1983 970 2030 in

159 2056 273 2101 Graecae
284 2050 419 2099 facundiae
429 2050 516 2109 gloria
525 2051 708 2107 iactabundus,
723 2055 750 2096 et
759 2053 898 2109 praetcrea
909 2050 971 2097 vini

156 2121 268 2169 libidine
282 2119 394 2176 adusque
413 2117 528 2164 ludibria
544 2116 670 2163 ebriosus.
706 2120 731 2164 t.
753 2120 779 2164 ls
793 2118 822 2164 in
831 2116 972 2164 conviviis

158 2189 290 2248 iuvenum,
301 2198 366 2243 qaae
376 2184 475 2242 agitare
485 2183 595 2230 Athenis
606 2184 806 2231 hebdomadibus
817 2185 899 2231 lunae
911 2185 972 2231 sol·

157 2255 244 2301 temne
252 2252 329 2301 nobis
339 2252 398 2312 tuit,
409 2251 563 2309 simulatque
572 2252 663 2297 modus
673 2251 759 2309 epulis
768 2254 861 2310 iactus,
873 2253 903 2297 ct
913 2251 974 2297 uti·

158 2322 199 2367 les
213 2319 430 2375 delectabilesque
445 2331 579 2365 sermones
595 2322 746 2379 coeperant3
767 2323 834 2378 tum,
853 2318 973 2365 silentio

160 2387 196 2433 sd
208 2385 363 2431 audiendum
375 2386 470 2445 petito,
490 2385 564 2443 loqui
579 2387 725 2444 coeptabat:
746 2388 823 2443 atque
837 2385 867 2430 id
883 2399 977 2444 genus

159 2451 211 2498 rili
220 2454 246 2497 et
256 2451 390 2498 incondita
404 2454 541 2499 verborum
554 2455 658 2498 caterva
669 2452 825 2508 hortabatur,
834 2465 931 2499 omues
942 2453 978 2500 ad

160 2517 312 2572 bibendum,
332 2516 407 2574 idque
422 2533 450 2565 sc
460 2521 546 2566 tacere
556 2531 591 2565 ex
601 2519 704 2565 decreto
715 2519 852 2566 Platonico
862 2520 980 2578 prsedi-

163 2585 249 2639 csbat3
267 2584 386 2639 tanquam
398 2585 499 2643 [Plato]
510 2587 538 2631 in
547 2585 631 2644 libris,
639 2599 714 2643 ,quos
722 2587 758 2633 De
768 2587 883 2645 Legibus
894 2602 974 2634 com-

161 2649 266 2711 posuit,
287 2648 376 2695 laudes
391 2651 525 2701 ebrictstis
539 2651 717 2712 copiosissime
731 2654 896 2717 scripsisset,
919 2656 978 2703 uti·
