2067 3034
307 141 388 189 tili.
407 141 458 189 11.
492 141 575 189 GAP.
595 141 637 189 la
822 142 876 194 ²11

67 273 287 310 eoueessersmus.
321 263 347 307 2.
361 261 447 317 Atque
456 259 493 307 ibi
503 263 561 307 erat
570 259 723 307 adolescens
732 261 793 309 tune
802 264 875 322 quis·

67 330 137 389 piam
146 341 182 376 ex
191 328 341 387 ditioribus,
347 341 405 374 eum
413 328 550 385 utriusque
560 326 668 386 linguae
677 327 810 387 magistris
820 343 873 378 me-

68 398 155 444 ditans
169 398 195 441 et
205 407 345 452 exercens,
364 394 396 440 ad
405 408 496 441 musas
506 397 604 441 Romae
613 394 733 452 orandas,
751 395 876 455 eloquen-

69 465 123 511 tiae
132 463 244 509 Latinae
254 463 413 509 laenitatem.
447 464 533 520 Atque
545 462 569 507 is
582 464 658 520 rogat
673 459 817 524 lulianum,
836 465 876 513 uu

70 545 129 579 sese
140 530 229 577 audiat
239 530 433 576 declamantem.
451 531 476 577 3.
486 531 510 575 lt
520 528 636 576 auditum
646 525 777 577 lulianus:
795 529 876 579 imus·

70 613 120 658 que
132 610 181 644 nos
192 610 251 643 eum
259 610 291 644 eo
301 597 387 643 simul.
421 599 446 642 4.
463 596 559 643 innuit
571 596 738 657 adolescens,
758 601 785 644 et
800 611 876 658 prae-

4 681 6 686 ·
71 668 145 713 tatur
158 664 325 724 arrogantius
338 666 366 709 et
378 664 482 722 elatius,
501 678 578 722 quam
590 664 670 711 aetati
683 664 741 711 eius
756 663 875 724 decebam

68 747 103 781 aa
121 732 214 779 deinde
232 733 307 784 iubet,
323 731 422 791 exponi
436 729 636 778 connoremias.
671 735 696 778 5.
714 733 812 780 Aderat
828 747 877 780 no·

71 800 172 847 biseum
184 800 223 846 ihi
236 797 334 845 iuliani
347 801 480 858 sectator,·
491 798 596 846 iuvenis
610 799 740 858 promtus,
758 803 785 847 et
797 801 875 859 proli-

73 868 157 926 eiens‚
170 871 198 914 et
207 866 341 914 offendens
349 866 402 912 ium
412 865 439 912 in
450 879 491 922 eo,
505 866 575 924 quod
585 865 633 913 ille
643 865 711 926 apud
721 865 818 914 iuliani
829 881 875 915 au-

71 948 114 982 res
129 935 158 982 in
171 933 309 993 praecipiti
322 935 404 991 stare,
424 934 452 981 et
465 933 593 981 subitaria
606 932 721 980 dictione
730 934 876 992 perieulum

71 1003 114 1050 sui
126 1004 213 1049 iacere
224 1000 341 1048 audebat.
376 1002 401 1046 o.
419 1000 540 1060 Exponit
553 999 635 1060 igitur
649 1002 801 1048 tentamenti
816 1012 875 1061 gra·

72 1070 111 1116 tia
121 1068 326 1117 controversiam
335 1080 425 1127 parum
435 1068 627 1126 consistentem,
634 1066 701 1126 quod
708 1071 877 1127 genusGrae-

72 1137 97 1183 oi
106 1131 206 1200 ἄπορον
215 1138 322 1192 voeant3
331 1135 424 1182 Latine
435 1138 521 1183 summ
530 1133 558 1182 id
567 1149 622 1183 non
631 1135 709 1183 nimis
716 1133 877 1183 incommode

73 1205 261 1264 inexplicabile
275 1202 327 1249 diei
339 1204 435 1262 potest.
470 1205 495 1249 'la
512 1203 554 1250 Ea
568 1203 750 1251 controuersia
764 1202 816 1250 luit
828 1201 877 1249 hu-

74 1272 235 1319 iuscemodi:
261 1272 303 1317 De
318 1285 363 1318 reo
379 1277 475 1331 sepiem
491 1270 589 1320 iudices
602 1276 771 1333 eognoscant3
796 1282 876 1331 eoque

74 1343 202 1388 sententia
219 1342 254 1387 sit
265 1344 343 1396 rota,
364 1339 541 1399 quamplures
550 1352 586 1386 ee·
594 1352 624 1387 eo
634 1351 738 1386 numero
750 1338 875 1386 dixerint.

76 1410 138 1454 cam
152 1413 249 1468 septem
263 1407 359 1453 iudices
372 1406 563 1469 cognovissent,
582 1406 631 1453 duo
642 1412 796 1455 censuerunt
805 1419 877 1454 reum

75 1475 170 1523 exsilio
182 1474 361 1531 mulctandum,
372 1473 419 1521 duo
430 1472 482 1520 alii
487 1476 608 1536 pecunia,
619 1479 672 1522 tres
683 1475 781 1537 reliqui
790 1475 877 1535 eapite

71 1542 237 1604 puniendum.
256 1544 279 1587 8.
289 1540 391 1587 Petitur
402 1541 438 1587 od
448 1543 604 1601 supplicium
615 1555 651 1589 ee
659 1544 789 1590 sententie
800 1545 878 1590 trium

75 1611 202 1658 iudicum:
224 1615 250 1654 et
269 1608 444 1655 eouealieite
475 1611 499 1655 9.
511 1610 567 1657 Hae
576 1608 624 1656 ille
634 1609 723 1656 audita
732 1622 780 1656 nee
790 1609 878 1656 eonsi-

76 1678 174 1736 derata,
184 1690 269 1734 neque
279 1675 340 1722 aliis
359 1677 390 1721 ut
399 1679 614 1737 proponerentur,
629 1677 796 1740 exspectetis,
811 1675 878 1723 inei·

75 1745 114 1804 pit
125 1744 212 1791 statim
220 1742 286 1789 mira
296 1742 429 1790 celeritate
440 1742 584 1791 in-eandem
596 1741 662 1791 iano
672 1743 879 1792 controversiam

76 1811 205 1871 principia
214 1808 302 1856 neseio
314 1823 379 1868 quae
390 1809 483 1868 dicere,
490 1810 878 1859 etinvolueraseusuumverbo·

76 1892 184 1936 rumque
205 1876 347 1923 uolumina
363 1890 504 1935 vocumque
523 1879 612 1924 turbas
630 1878 755 1935 tundereq
785 1876 879 1925 ceteris

76 1946 195 1993 omnibus
209 1958 245 1992 ex
259 1944 365 1992 cohorte
380 1943 449 2001 eius,
468 1944 513 2003 qui
529 1942 619 1991 audire
633 1958 691 1991 eum
705 1941 779 1992 soliti
796 1948 878 2003 eraut,

77 2014 192 2060 elamore
207 2025 307 2070 magno.
317 2011 522 2071 exsultantibus3
541 2011 644 2058 Iuliano
660 2015 747 2059 autem
764 2012 831 2059 male
850 2026 879 2059 ae

76 2081 169 2127 misere
179 2079 285 2126 rubente
296 2081 327 2126 et
332 2078 448 2125 sudante.
467 2080 507 2125 1⁰.
518 2079 570 2125 Sed
579 2078 633 2139 ubi,
644 2078 811 2127 deblateratis
821 2092 879 2126 ver·

77 2162 152 2195 suum
160 2146 249 2193 multis
258 2146 386 2206 millibus,
400 2146 475 2192 finem
489 2145 629 2203 aliquando
641 2145 716 2208 feeit,
731 2141 880 2206 egressique

77 2215 137 2261 inde
150 2225 251 2261 sumus:
270 2213 346 2259 amici
362 2213 554 2271 familiaresque
568 2212 623 2260 eius
639 2213 770 2262 lulianum
788 2225 879 2274 prose-

78 2283 140 2338 cuti,
156 2281 277 2340 quidnam
289 2279 461 2342 existimaret,
475 2279 622 2339 percontati
632 2285 701 2329 sunt.
737 2282 777 2328 11.
794 2283 879 2340 Atque

78 2349 115 2396 ibi
125 2349 243 2396 lulianus
254 2346 435 2394 festivissime:
456 2348 543 2395 Nolite
554 2361 695 2409 quaerere,
712 2347 804 2407 iuquit,
818 2346 881 2411 qnid

79 2419 206 2465 sentiam:
226 2415 377 2465 adolescens
390 2416 433 2462 les'e
447 2416 504 2463 sine
513 2418 695 2465 controversie
707 2417 822 2466 disertus
833 2421 881 2463 eol.

328 2495 514 2548 CAPUT
549 2494 641 2550 XVI„

65 2539 67 2545 Ι
108 2566 175 2615 direci
181 2562 281 2608 Plinium
292 2561 425 2613 semem,
436 2563 550 2607 nominem
558 2577 605 2608 non
615 2563 738 2616 indoctum.
743 2563 838 2623 fugerit
848 2541 883 2607 loss

135 2620 247 2680 eriemque
256 2620 339 2664 vilium
349 2619 486 2674 orgrrmeoti
493 2622 555 2676 quod
563 2613 791 2668 luzaazploovorueu·
801 2618 883 2664 dicunt

85 2720 88 2728 .
115 2684 137 2732 i,
157 2681 262 2728 Plinius
276 2680 410 2727 Secundus
424 2679 586 2727 existimatus
602 2684 642 2795 ειό
652 2691 709 2794 ε2ιιε
719 2677 812 2728 aetatis
823 2691 884 2727 suae
