2067 3034
310 108 464 158 nru.x1.
500 110 589 174 car.
607 111 649 159 aa.
833 106 887 170 151

80 230 160 290 retur,
175 226 203 275 iu
213 226 348 275 duodecim
358 228 453 275 tabulis
464 228 633 288 scripserunt,
649 241 731 288 neque
742 226 798 287 pari
808 241 883 277 seve-

28 312 31 316 *
76 295 156 360 *ritate
168 296 196 341 in
206 295 344 353 puniendis
357 295 469 341 omnium
479 310 602 354 generum
614 296 728 350 furibus,
746 309 828 354 neque
838 310 882 343 re-

7 382 12 399 ·
79 361 157 409 missa
167 363 245 408 nimis
254 362 364 409 lenitate
380 363 421 408 usi
435 366 503 408 sunt.
539 365 564 408 1.
583 365 648 410 Nam
660 364 755 420 furem,
775 362 819 420 qui
828 375 882 409 ma-

80 429 177 475 nifesto
189 431 258 475 furto
269 429 410 488 prehensus
421 431 501 486 esset,
516 432 569 475 tum
583 430 683 476 demum
694 429 776 476 occidi
788 429 883 486 permis

80 498 177 553 serunt,
189 496 212 542 si
223 499 274 556 aut,
287 510 343 542 cum
355 498 451 542 feceret
461 497 566 556 furtum,
580 510 635 543 nox
646 499 728 557 esset,
745 499 791 541 aut
801 496 883 543 inter-

81 563 124 608 diu
136 576 164 610 se
175 563 238 622 telo,
254 578 310 609 cum
322 563 534 621 prehenderetur,
551 563 708 609 defenderet.
743 564 767 608 8.
786 562 829 610 Ex
839 577 882 610 ce·

80 629 142 677 teris
156 633 241 675 autem
254 630 399 676 manifestis
413 630 513 676 furibus
528 630 625 676 liberos
640 629 772 676 verberari
783 629 881 676 addici-

80 709 128 755 que
139 695 270 742 iusserunt
281 697 314 753 ei,
326 699 367 743 eui
379 699 471 743 factum
482 697 578 743 furtum
589 700 666 753 esset,
681 698 704 743 si
714 697 791 743 modo
803 697 829 742 id
839 697 881 743 lu-

80 764 103 810 ci
124 763 255 819 fecissent,
275 778 358 822 neque
378 779 405 810 se
424 765 479 809 telo
500 763 688 810 defendissent:
707 777 798 810 servos
817 763 879 810 item

81 830 145 876 furti
163 832 295 877 manifesti
315 832 455 889 prehensos
479 832 628 877 verberibus
648 830 714 877 allici
734 834 760 877 et
780 846 793 877 e
812 843 878 878 saxu

82 896 259 957 praecipitari,
278 900 322 944 sed
338 911 431 956 pueros
447 897 591 956 impuberes
606 897 736 956 praeturis
753 897 881 944 arbitratu

82 964 215 1010 verberari
232 965 383 1025 voluerunt,
403 978 549 1021 noxamque
564 967 593 1011 ab
609 965 649 1010 his
669 967 763 1011 factam
781 964 882 1010 sarciri.

81 1034 106 1077 9.
123 1030 162 1077 Ea
176 1044 275 1089 quoque
289 1034 372 1088 furta,
391 1046 456 1090 quae
471 1046 517 1090 per
527 1032 626 1078 lancem
636 1032 775 1090 liciumque
787 1045 881 1077 conce·

79 1099 123 1158 pta
139 1100 237 1159 essent,
256 1100 363 1157 perinde
379 1113 409 1145 ac
423 1099 446 1147 si
459 1099 598 1145 manifesta
613 1102 712 1158 forent,
731 1098 885 1160 vindicare-¹

79 1168 151 1211 ruat.
187 1167 228 1211 1⁰.
247 1166 298 1213 Sed
311 1181 379 1213 nune
395 1180 411 1213 a
425 1167 483 1225 lege
499 1166 548 1211 illa
563 1166 727 1213 decemvirali
740 1165 880 1212 discessum

80 1236 131 1279 est.
165 1233 231 1279 Nam
245 1233 267 1279 si
281 1234 339 1292 quis
353 1248 429 1293 super
442 1234 581 1280 manifeste
596 1235 665 1280 furto
681 1233 738 1281 iure
750 1236 777 1280 et
787 1233 879 1280 ordine

54 1361 57 1364 Δ
79 1299 197 1358 experiri
211 1301 288 1355 velit,
309 1302 378 1348 actio
395 1302 422 1347 iu
432 1302 600 1359 quadruplum
612 1302 695 1347 datur.
733 1303 773 1346 ll.
791 1303 879 1349 Μακί-

12 1365 14 1370 ’
73 1367 175 1433 festum
185 1368 380 1431 autemfurtum
392 1375 438 1426 est,
455 1372 483 1414 ut
494 1369 532 1415 ait
542 1368 694 1427 Massurius,
709 1370 778 1429 quod
786 1369 878 1428 depre·

77 1433 207 1495 itenditur,
219 1431 328 1493 duncfit.
362 1436 489 1485 Faciendi
491 1433 557 1494 finis
567 1442 614 1495 ert,
624 1451 679 1483 cum
689 1437 820 1495 perlatum
831 1443 886 1496 cst„

77 1516 129 1562 quo
136 1503 215 1564 ferra*
225 1510 359 1561 coeperat.
397 1508 438 1551 12.
461 1503 538 1550 Furti
553 1504 686 1561 concepti,
705 1502 768 1550 item
787 1503 878 1562 oblati,

76 1568 154 1628 tripli
163 1583 247 1627 poena
257 1573 304 1616 est.
325 1572 378 1617 Sed
387 1571 455 1629 quod
466 1570 501 1617 sit
510 1570 709 1628 aeternaequae
719 1576 878 1630 conceptum,

77 1639 105 1683 ct
114 1635 237 1695 pleraque
248 1637 300 1684 alia
310 1639 342 1684 sd
352 1653 408 1685 eam
418 1653 484 1698 rem,
503 1651 538 1684 ex
549 1638 660 1697 egregiis
671 1642 787 1684 veterum
796 1638 878 1684 mori·

75 1704 126 1749 bus
138 1705 250 1761 accepta,
266 1716 349 1762 neque
361 1705 467 1751 inutilia
477 1705 583 1764 cognitu
592 1719 673 1762 neque
684 1705 824 1751 iniucunda
833 1703 878 1761 qui

74 1770 878 1831 legerevolet‚invenietSobinilibrum,enititulusestDeFur-

75 1836 127 1894 tis;
140 1839 179 1883 13.
191 1836 218 1883 in
228 1851 278 1895 quo
289 1838 316 1884 id
326 1853 426 1897 quoque
436 1840 559 1897 scriptum
569 1842 617 1894 est,
625 1839 693 1897 quod
703 1840 781 1898 vulgo
792 1838 879 1897 inopi·

74 1906 226 1951 natumest:
245 1919 299 1952 non
313 1906 444 1953 bominum
457 1909 557 1953 tantum
572 1919 655 1964 neque
669 1919 755 1952 rerum
771 1919 879 1952 moren-

74 1971 141 2018 tium
148 2006 154 2033 ‚
171 1984 236 2029 quae
246 1972 343 2019 auferri
353 1976 456 2022 occulte
466 1978 492 2021 et
501 1974 595 2032 surripi
606 1974 727 2032 possunt,
747 1973 792 2019 sed
805 1971 877 2019 fundi

75 2052 180 2097 quoque
195 2042 221 2085 et
239 2040 341 2087 aedium
359 2041 414 2087 fieri
433 2043 541 2089 furtum:
562 2042 759 2088 condemnatum
776 2053 876 2097 quoque

76 2106 290 2166 testiculorum,
309 2108 354 2165 qui
368 2109 461 2170 fundo,
481 2123 555 2167 quem
565 2108 742 2164 conduxerat,
760 2106 876 2165 vendito,

74 2173 245 2231 possessione
256 2173 312 2222 eius
323 2176 453 2223 dominum
463 2176 661 2222 intervertisset.
697 2176 738 2220 14.
757 2175 839 2231 Atque
850 2172 878 2221 id

76 2239 156 2285 etiam
167 2235 247 2300 (quod
256 2243 338 2301 magis
347 2243 508 2302 inopinabile
520 2241 579 2301 est,)
590 2242 702 2288 Sabinus
712 2241 784 2301 dicit,
795 2243 878 2287 furem

3 2335 5 2338 v
75 2320 135 2353 esse
145 2307 256 2357 hominis
269 2309 422 2371 iudicatum,
438 2310 480 2369 qui
497 2324 554 2356 cum
565 2309 691 2368 fugitivus
701 2312 804 2367 praeter
814 2321 878 2353 ocu·

74 2372 119 2421 los
136 2376 204 2422 forte
219 2377 316 2427 domini
329 2377 392 2433 iret,
413 2380 518 2424 obtentu
532 2379 622 2437 togae,
642 2379 762 2433 tanquam
772 2388 800 2422 se
813 2373 879 2420 ami-

75 2442 159 2503 ciens,
171 2457 204 2490 ne
213 2444 370 2491 videretura
381 2445 494 2501 domino,
504 2443 656 2491 obstitisset.
693 2446 732 2489 15.
750 2442 819 2489 ultis
834 2441 879 2486 de-

73 2509 138 2556 inde
153 2509 230 2558 furtis
245 2513 376 2567 omnibus,
405 2526 468 2570 quac
488 2525 536 2557 uec
550 2511 688 2558 manifesta
705 2510 878 2570 appellantur,

72 2590 189 2638 poenam
198 2578 377 2638 imposuerunt
387 2580 465 2638 dupli.
501 2580 543 2624 16.
562 2579 589 2624 ld
604 2579 682 2625 etiam
691 2578 797 2624 memini
806 2576 879 2634 lege·

71 2658 157 2693 reme
168 2646 195 2692 in
206 2647 274 2693 libro
284 2646 415 2694 Aristonis
427 2645 609 2709 iureconsulti,
623 2647 828 2705 haudquaquam
837 2642 878 2689 iu-

111 2713 270 2760 (laeuus-
647 2714 670 2762 R
