2067 3034
149 140 200 191 242
400 142 505 191 AULI
540 140 697 189 GELLH

148 259 278 320 muletam,
288 273 354 318 quae
364 258 512 318 appellatur
522 274 655 319 supremo,
668 257 814 307 institutam
823 258 849 306 iu
861 258 953 319 ringu-

145 325 190 376 ἰοι
200 324 280 391 [dieu]
295 328 403 374 duarum
417 327 518 386 ovium,
533 327 642 385 triginta
651 328 739 372 boum:
755 340 802 385 pro
815 326 890 385 eopia
900 326 953 373 aei-

147 396 211 442 lieet
225 396 314 457 boum,
332 408 431 452 proque
445 393 533 439 ovium
546 394 663 451 penuria.
698 393 749 442 Sed
758 407 814 439 eum
824 392 954 440 eiusmodi

146 463 246 510 mulcta
261 460 365 519 peeoris
384 460 546 517 armentique
564 474 580 506 a
593 460 787 519 magistratibus
802 460 871 507 dieta
885 464 953 516 erat,

137 529 139 532 ’
149 529 321 588 adigebantur
329 528 409 573 boves
418 540 531 584 ovesque
541 527 606 573 aliar
613 527 696 584 pretii
705 527 787 585 parvi,
795 527 859 573 aliar
869 526 954 573 maio-

147 596 199 643 rir:
219 609 299 654 eaque
310 606 354 640 rea
364 593 477 640 iaciebat
485 593 649 651 inaequalem
659 596 769 641 mulctae
780 593 953 652 punitionem.

148 662 248 709 Idcirco
258 664 349 721 postea
358 662 417 720 lege
424 661 532 707 Aternia
542 660 679 707 conutituti
689 664 748 708 aunt
756 661 853 707 inovea
863 660 956 719 ringu-

148 730 191 777 lar
199 730 268 776 aeria
279 726 347 786 deni,
362 728 390 774 in
400 730 479 775 boves
489 728 559 775 aeria
569 727 681 774 centeni.
708 731 733 775 3.
746 729 857 776 Minima
866 731 956 775 autem

147 797 243 845 mulcta
254 798 294 842 eri
304 795 361 841 ovir
371 795 457 842 uniua.
493 796 623 855 Suprema
636 796 735 842 mulcta
748 797 788 842 eat
796 794 852 842 eiua
861 808 955 842 nume-

148 863 186 923 ri,
205 862 280 911 euiur
295 862 421 910 diximus:
440 864 509 910 ultra
524 863 598 921 quem
607 863 729 910 muletam
738 863 823 909 dicere
832 862 860 908 in
870 859 954 925 [dieu]

148 930 268 989 ainguloa
278 929 320 977 iur
329 943 381 976 non
392 932 443 990 eri3
464 932 489 976 et
502 933 639 989 propterea
654 944 778 991 suprema
793 931 953 990 appellatur,

146 997 176 1046 id
185 1000 232 1057 eat,
244 1010 341 1044 ramma
351 996 508 1045 etmaxima.
542 1000 567 1042 4.
586 998 694 1050 Quando
709 997 792 1057 igilur
804 1011 873 1043 nuno
888 1010 956 1055 quo·

149 1061 198 1125 que
213 1064 431 1123 amagiatratibua
445 1063 536 1123 populi
545 1064 655 1112 Romani
666 1079 737 1112 more
747 1065 874 1111 maiorum
882 1064 954 1110 mul-

148 1135 191 1180 cta
201 1131 295 1178 dicitur
305 1131 348 1176 vel
358 1130 464 1178 minima
473 1131 517 1178 vel
527 1144 658 1192 suprema,
677 1132 812 1178 observari
826 1131 907 1190 solet,
923 1134 955 1177 ui

147 1192 210 1247 orei
219 1210 314 1257 genere
325 1196 398 1244 virili
408 1198 587 1258 appellentur:
605 1201 681 1256 atque
692 1199 728 1245 ita
737 1199 772 1244 M.
779 1200 862 1245 Varro
873 1200 955 1245 verba

146 1266 211 1313 haee
220 1264 351 1327 legitima,
371 1264 464 1322 quibua
473 1264 579 1311 minima
588 1266 686 1312 mulcta
695 1266 839 1321 diceretur,
858 1278 955 1311 conee-

146 1334 201 1393 pit:
219 1331 256 1379 Μ.
270 1333 403 1396 Terentio,¹
415 1334 520 1393 quando
530 1334 718 1393 creaturaeque
728 1336 954 1393 reaponditaeque
1008 1349 1010 1352 ¹

146 1407 290 1447 excusatur
300 1404 347 1459 ert,
364 1413 408 1460 ego
419 1402 445 1445 ei
453 1414 530 1446 unum
541 1413 610 1446 ovem
620 1401 742 1447 mulctum
751 1402 819 1446 dieo.
853 1399 890 1444 Ae
899 1398 954 1447 uiui

148 1480 181 1514 eo
191 1480 287 1525 genere
298 1466 440 1525 diceretur,
454 1469 617 1524 negaverunt
626 1466 720 1514 iuriam
729 1467 813 1515 videri
822 1465 953 1513 muletam.

149 1536 173 1580 5.
192 1534 353 1580 Vocabulum
367 1536 454 1580 autem
468 1534 553 1591 ipsum
566 1538 678 1581 mulctae
690 1535 758 1581 idem
771 1536 807 1580 M.
822 1534 906 1580 Varro
923 1533 953 1580 in

147 1614 200 1648 uno
215 1601 241 1647 et
255 1600 380 1647 vicerimo
391 1601 485 1648 ilerum
493 1603 669 1647 Humanarum
682 1615 737 1648 non
751 1601 884 1660 Latinum,
905 1600 953 1647 aed

147 1668 272 1717 Sabinum
281 1681 338 1714 erae
352 1667 428 1726 dioii3
449 1667 525 1725 idque
542 1669 574 1714 ad
584 1682 655 1715 auam
664 1668 814 1716 memoriam
823 1667 956 1716 mansisse

146 1734 206 1782 ait
199 1749 227 1781 ιιι
241 1734 333 1793 lingua
349 1734 516 1794 Samnitium,
537 1735 581 1793 qui
591 1738 653 1781 aunt
665 1749 680 1781 a
690 1734 792 1783 Sabinis
803 1735 863 1782 orti.
899 1734 953 1782 Sed

145 1804 223 1850 turha
232 1801 455 1859 grammatrcorum
464 1802 565 1849 uovrtm
575 1817 623 1847 κατ
624 1796 811 1866 'dniopaom
827 1804 857 1849 ul
871 1815 952 1860 quae

146 1868 205 1915 dam
215 1868 275 1927 alia,
287 1864 347 1931 [iia]
358 1868 408 1914 hoe
418 1882 520 1926 quoque
531 1868 582 1915 diei
592 1870 765 1916 tradiderunt.
793 1873 818 1915 6
830 1870 892 1915 Cum
903 1882 952 1915 au-

144 1938 198 1983 lem
211 1948 274 1982 uaua
287 1937 314 1982 et
326 1947 384 1981 moa
399 1949 548 1982 sennodum
557 1936 579 1981 ia
590 1937 625 1983 uit
631 1968 640 1993 ,
658 1941 687 1983 ut
697 1937 734 1983 ita
744 1937 771 1983 ei
780 1949 848 1983 nune
857 1937 952 1993 loqua-

139 2013 214 2062 mur,
234 2003 263 2049 ui
277 2002 394 2062 plerique
409 2004 527 2049 veterum
540 2003 623 2049 locuti
639 2006 710 2050 aunt:
732 2006 853 2051 naulorum
869 2003 951 2063 alric,

144 2070 185 2118 et:
206 2068 303 2117 mulcro
322 2072 393 2117 diota
412 2074 467 2116 eal.-
484 2083 538 2116 non
558 2083 615 2117 esre
635 2073 665 2118 ab
683 2085 711 2117 re
730 2071 830 2129 putavi,
848 2074 952 2133 notare,

143 2136 211 2194 quod
221 2137 256 2182 M.
268 2138 332 2183 Cato
343 2135 421 2183 aliter
430 2136 506 2183 dixit.
526 2138 592 2183 Nam
603 2137 630 2183 in
640 2140 731 2195 quarto
743 2138 878 2197 Originum
887 2150 951 2186 ver·

140 2204 177 2250 ira
186 2202 250 2249 haee
261 2206 333 2251 aunt:
352 2205 504 2263 Imperator
519 2212 622 2263 noster,
637 2207 662 2252 aa·
675 2207 733 2266 quia
742 2212 823 2252 extra
835 2209 953 2253 ordinem

144 2270 319 2330 depugnatum
328 2271 385 2327 ivit
394 2272 550 2319 aemulatam
553 2272 638 2333 facit
672 2274 696 2318 l.
713 2273 804 2320 Potest
813 2276 897 2320 autem
909 2274 952 2319 vi-

145 2334 210 2381 deri
213 2337 332 2383 oouaulta
346 2337 479 2397 elegantia
488 2340 602 2386 mutuare
613 2341 732 2393 verbum
751 2354 807 2386 eum
818 2340 952 2388 incastris

145 2401 189 2448 et
182 2414 209 2447 ιιι
218 2402 337 2450 exercitu
345 2404 443 2453 maleta
451 2406 533 2468 ieret,
546 2418 600 2455 non
609 2405 637 2455 iu
647 2406 754 2456 comitio
765 2421 814 2455 nee
823 2406 855 2454 ad
862 2420 952 2472 popu-

145 2467 200 2517 lum
209 2467 348 2518 diceretur
