2067 3034
318 138 457 186 ulau.
493 138 644 186 GAMO.
707 158 711 164 ’
849 136 885 190 75

58 220 154 307 'amici
169 273 227 307 cum
242 254 405 317 propinquis.
420 270 423 281 ¹
438 254 542 302 Afferes
554 255 637 314 prima
646 256 705 303 luce
717 258 799 305 falces
811 258 882 306 iussi

70 338 154 375 'uuam
166 327 272 386 egomet
281 324 353 382 mibi,
368 327 394 368 et
403 325 431 368 tu
442 323 489 368 tibi
501 323 587 381 capies
598 324 718 382 alteram3
738 327 764 371 et
774 327 887 372 frumen-

67 399 129 441 ·tum
145 396 251 440 nosmet
261 391 313 450 ipsi
323 390 439 436 manibus
449 391 548 436 nostris
563 404 619 436 cras
629 393 762 438 metemus.
799 395 837 439 15.
857 395 886 439 ld

69 461 120 509 ubi
136 475 173 507 ex
189 459 272 519 pullis
288 457 387 504 dixisse
402 456 532 502 dominum
541 460 622 504 mater
632 459 751 505 audivit:
764 460 885 518 Tempus,

74 527 172 587 inquit,
190 532 231 574 est
245 525 352 572 cedendi
369 531 395 570 et
409 524 533 570 abeundi:
553 525 597 570 liet
611 539 678 570 nnnc
694 525 772 572 dubio
783 527 885 584 procul,

74 596 147 653 qnod
158 596 274 640 tutorum
286 592 366 638 dixit:
386 591 480 649 inipso
492 591 622 637 animiam
630 593 755 650 vertitur,
774 592 833 639 cuia
845 597 886 639 est

71 676 127 719 res,
138 675 194 707 non
205 661 233 705 in
243 659 306 718 alio,
316 660 385 709 unde
395 658 501 717 potitur.
538 658 578 704 16.
598 661 679 716 Atque
690 659 727 705 ita
738 659 833 706 cassita
842 660 885 705 ni·

72 729 139 775 -slum
148 727 283 786 migravit,
296 729 322 771 et
332 739 406 784 seges
417 739 432 771 a
443 725 547 771 domino
558 726 675 772 demessa
685 729 733 772 est.
760 729 800 773 17.
813 728 885 774 Haec

76 796 183 853 quidem
193 797 233 840 est
243 792 340 851 Aesopi
355 793 443 838 fabula
454 793 485 839 de
495 792 634 840 amicorum
644 797 669 838 et
679 793 883 852 propinquorum

77 863 130 910 levi
145 855 322 925 [plerumque]
344 863 370 905 et
385 859 458 905 inani
471 860 573 906 fiducia.
611 862 650 906 18.
669 861 720 906 Sel
734 861 795 918 quitl
809 861 882 908 aliud

76 930 224 976 sanctiores
238 927 301 974 libri
313 927 526 985 pbilosophorum
537 930 655 986 monent,
673 941 748 984 quam
758 930 787 974 ut
796 928 824 974 in
833 939 882 975 ao-

76 994 424 1053 bistantumipsisnitsmur3
439 994 881 1053 laslisautemomnis,quscextra

76 1075 125 1111 nos
135 1066 264 1120 extraque
275 1065 392 1108 nostrum
402 1061 537 1107 arbitrium
548 1065 618 1116 sunt,
625 1074 709 1118 neque
718 1075 765 1119 pro
775 1063 882 1119 nostris,

76 1144 161 1189 neque
172 1145 219 1190 pro
231 1129 306 1175 nobis
318 1129 454 1174 ducamus?
489 1130 531 1174 20.
548 1130 623 1174 Hune
632 1128 730 1186 Aesopi
744 1129 883 1188 apologum

77 1201 109 1253 Q.
120 1197 226 1244 Ennius
241 1196 266 1241 in
275 1196 376 1254 Satyris
389 1196 453 1241 scite
464 1195 599 1242 admodum
610 1199 636 1241 et
646 1198 753 1242 venuste
764 1197 883 1243 versibus

76 1264 214 1322 quadratis
234 1263 390 1321 composuit:
410 1275 520 1320 quorum
539 1263 589 1309 (luo
609 1263 733 1321 postremi
751 1263 797 1308 isti
815 1266 892 1322 sunt,

42 1370 45 1378 .
77 1345 142 1390 quos
152 1332 247 1377 babere
262 1329 372 1377 cordiet
380 1330 520 1376 memoriae
531 1331 745 1390 operaepretium
756 1343 813 1377 cssc
823 1331 884 1378 her·

79 1400 206 1458 cleputo:
398 1438 401 1443 ,
753 1426 755 1429 -

116 1467 175 1512 Hoc
184 1467 237 1510 erit
248 1466 297 1512 tibi
305 1472 482 1528 argumentum
492 1480 595 1525 semper
603 1469 631 1513 ἐκ
638 1473 746 1526 promtu
755 1469 846 1513 sitam:

114 1533 154 1580 Ne
165 1533 228 1595 quid
235 1541 370 1594 exspectes
381 1537 484 1595 anticos,
500 1533 569 1594 quod
578 1539 631 1580 tute
643 1547 720 1595 agere
728 1538 839 1594 possiet.

326 1653 510 1706 CAPUT
545 1654 642 1706 XXX.

109 1738 171 1788 ssecis!
178 1737 327 1782 observatum
336 1739 366 1781 sil
375 1738 521 1782 iuvandarum
529 1738 639 1789 motibus,
655 1752 713 1796 quac
725 1737 750 1780 in
762 1737 827 1780 mari
835 1737 883 1781 alio

137 1802 206 1852 atque
215 1795 262 1837 alio
273 1798 340 1838 modo
346 1793 419 1850 fiunt,
430 1793 520 1836 Austris
526 1793 642 1848 flantibus
650 1794 847 1852 Aquilonibusque.

132 1905 139 1918 .
158 1873 216 1917 lloc
235 1884 419 1930 saepenumero
438 1871 467 1916 in
485 1871 613 1916 undarum
630 1874 701 1917 motu
720 1871 885 1916 observatum

80 1949 109 1987 es
123 1952 203 1996 ‚quas
214 1933 350 1996 aquilones
360 1937 440 1993 venti,
451 1938 545 1995 quique
556 1950 589 1983 ex
601 1938 688 1984 eadem
699 1936 767 1984 coeli
777 1937 885 1995 regione

71 2007 128 2070 ‘aer
148 2005 218 2061 nuit,
238 2019 334 2062 quasve
354 2005 453 2050 faciunt
472 2004 499 2050 in
517 2003 584 2049 mari
596 2005 685 2051 Austri
700 2009 776 2062 atque
791 2004 893 2051 Africi·

81 2076 106 2118 2.
124 2075 190 2119 Nam
201 2073 307 2130 fluctus,
323 2072 366 2129 qui
377 2073 454 2117 flante
463 2072 593 2130 Aquilone
602 2072 710 2118 maximi
720 2086 750 2118 ac
761 2071 886 2118 ereberri-

80 2139 116 2185 mi
126 2139 285 2198 excitantur,
293 2139 370 2185 simul
380 2153 410 2185 sc
420 2141 511 2184 ventus
522 2138 618 2197 posuit,
626 2141 777 2184 sternuntur
785 2153 814 2185 ac
824 2152 887 2185 con·

64 2206 253 2260 issacocsount,
273 2209 299 2251 ct
313 2219 375 2253 mox
391 2206 485 2251 tluetus
500 2219 558 2251 esse
574 2205 703 2251 desinunt.
740 2208 763 2251 3.
781 2208 816 2252 At
833 2218 887 2251 non

82 2271 148 2319 idem
164 2274 191 2318 fit
205 2274 283 2318 flante
297 2276 392 2320 Austro
409 2272 449 2318 vel
464 2271 566 2317 Africo:
586 2273 678 2328 quibus
694 2272 745 2318 iam
754 2273 820 2318 nihil
832 2272 886 2330 spi-

81 2340 200 2386 rantibus
214 2341 299 2386 undae
314 2345 399 2386 tamen
410 2341 493 2385 factae
506 2338 606 2386 diutius
617 2342 729 2400 tument,
744 2344 771 2385 et
781 2353 796 2384 a
806 2342 884 2385 vento

81 2407 182 2464 quidem
200 2405 347 2452 iamdudum
360 2405 517 2463 tranquillae
529 2410 601 2463 sunt5
621 2407 666 2453 sed
675 2408 745 2452 mire
755 2412 795 2452 est
806 2407 885 2452 etiarn

82 2477 157 2531 atque
166 2473 246 2519 etiam
256 2474 448 2521 undabundum.
482 2473 507 2517 4.
526 2472 591 2518 Eius
605 2473 645 2519 rei
659 2487 738 2520 causa
751 2487 808 2520 esse
823 2486 888 2519 con-

82 2539 208 2599 iectatur,
227 2542 295 2598 quod
309 2541 380 2586 venti
394 2554 409 2586 a
427 2540 654 2598 septemtrionibus
669 2555 701 2587 ex
713 2541 807 2585 altiore
818 2538 886 2585 coeli

82 2610 153 2666 parte
168 2607 197 2652 in
209 2621 280 2653 marc
295 2606 438 2654 incidentes
454 2606 573 2652 deorsum
588 2607 616 2651 iu
626 2620 748 2664 aquarum
757 2604 887 2663 protunda

85 2674 155 2732 quasi
165 2674 322 2736 praecipites
333 2673 631 2735 deferuntur,un‹lasque
641 2673 741 2720 faciunt
749 2686 802 2718 uon
811 2683 887 2730 pror·
