2067 3034
299 170 380 216 MR.
400 170 496 218 XVll.
532 171 682 218 cnuto.
841 167 894 220 391

93 285 164 346 ptos,
180 283 223 332 cui
234 286 359 334 iacturum
371 286 396 333 id
406 287 584 346 praedixerat,
598 288 714 346 misisse3
733 302 789 335 eum
801 261 891 337 deinde

91 367 173 401 ceram
188 354 329 413 derasisse,
350 355 491 412 literasque
507 355 650 401 incolumes
661 356 736 413 ligno
748 356 843 402 incisas
853 357 893 406 le

91 421 188 481 pisse.-
208 423 249 467 18.
266 406 727 468 Estetaliainmoriumentisrerum
737 425 893 472 Graecarum

91 487 222 548 profunda
243 490 367 545 quaedam
387 491 413 535 et
434 488 603 546 inopinabilis
624 490 736 551 latebra,
756 490 893 540 barbarico

90 558 151 600 astu
161 555 321 612 excogitata.
352 559 391 601 lo.
409 555 543 602 Histiaeus
553 556 728 612 nornineluit,
745 557 806 602 loco
817 561 894 610 natus

91 621 121 668 in
131 624 199 667 terra
208 622 271 667 Asia
280 637 332 669 non
343 622 464 681 ignobili.
498 624 541 668 2⁰.
559 622 647 669 Asiam
658 625 720 668 tunc
730 626 835 669 tenebat
846 624 896 669 im-

91 689 166 748 perio
176 701 225 737 rex
235 689 337 735 Darius.
372 691 413 734 21.
431 691 457 734 ls
466 690 607 750 Histiaeus,
624 701 681 737 cum
690 689 717 735 in
727 690 815 737 Persis
826 691 894 749 apud

90 756 199 818 Darium
215 759 297 812 esset,
316 756 484 814 Aristagorae
494 757 607 815 cuipiam
617 771 659 803 res
673 758 795 814 quasdam
806 758 894 804 oecul-

91 825 133 869 tos
142 823 262 869 nuntiare
278 824 374 869 furtivo
390 822 487 880 scripto
504 825 616 871 volebat.
651 827 694 871 22.
714 825 895 871 Comminisci-

91 892 136 936 tur
155 893 272 948 opertum
288 890 337 936 hoc
355 890 489 938 literarum
507 891 693 938 admirandum.
734 893 815 939 Servo
835 904 894 946 suo,

93 957 137 1003 diu
149 958 239 1004 oculos
250 956 466 1016 repromittenti,
477 958 600 1015 capillum
611 972 645 1006 ex
656 957 739 1018 capite
749 960 826 1014 omni,
836 963 894 1005 tan·

92 1037 168 1081 quam
177 1024 292 1070 medendi
304 1024 395 1082 gratia,
406 1024 514 1085 deradit,
530 1030 656 1084 caputque
668 1026 723 1073 eius
735 1027 809 1071 laeve
822 1024 850 1070 in
859 1024 894 1069 li·

91 1094 206 1139 terarum
216 1093 311 1138 formas
323 1091 479 1149 compungit.
513 1093 562 1138 llis
572 1093 672 1154 literis,
688 1106 753 1151 quae
764 1092 893 1145 voluerat,

90 1159 251 1219 perscripsit.
286 1161 327 1205 23.
345 1159 481 1206 Hominem
490 1163 588 1218 postea,
606 1162 689 1218 quoad
704 1159 815 1218 capillus
830 1158 895 1203 ado·

91 1227 211 1289 luceret,
228 1227 303 1273 domo
313 1226 450 1273 continuit.
484 1229 525 1272 24.
545 1229 595 1275 Ubi
606 1228 633 1274 id
643 1229 737 1274 factum
748 1230 796 1286 est,
812 1225 850 1272 ire
861 1224 894 1271 ad

91 1294 271 1352 Aristagoram
281 1293 363 1353 iubet3
381 1296 422 1339 25.
434 1296 468 1352 et,
483 1308 539 1341 cum
550 1297 657 1352 adeum,
672 1296 764 1355 inquit,
780 1292 893 1348 veneris,

91 1362 227 1409 mandasse
237 1374 278 1406 me
288 1359 380 1420 dicito,
396 1361 425 1405 ut
436 1366 511 1417 caput
521 1365 606 1420 tuum,
624 1363 690 1408 sicut
701 1375 783 1420 nuper
793 1362 894 1418 egomet

93 1426 155 1484 leci,
166 1426 280 1472 deradat.
302 1428 343 1471 26.
358 1428 464 1485 Servus,
476 1429 503 1472 ut
513 1428 665 1487 imperatum
675 1433 739 1486 erat,
750 1428 781 1473 ad
791 1427 894 1473 Arista-

93 1493 286 1553 goram-venit,
304 1495 499 1551 mandatumque
516 1495 613 1541 domini
626 1495 710 1541 affert.
744 1498 786 1540 21.
808 1498 893 1552 Atque
970 1511 972 1514 ’

92 1561 151 1621 itte,
165 1561 191 1606 id
202 1574 253 1606 non
263 1574 320 1607 esse
331 1562 427 1608 trustra
436 1565 523 1621 ratus,
539 1563 607 1621 quod
616 1565 672 1609 erat
681 1564 834 1625 mandatum,
853 1563 893 1608 fe-

94 1626 139 1675 cit.
173 1630 213 1675 lta
222 1628 315 1676 literae
324 1630 441 1687 perlatae
452 1632 521 1675 sunt.

369 1778 555 1831 CAPUT
591 1779 626 1829 X.

123 1862 183 1914 Quiri
190 1865 216 1907 rie
225 1862 323 1907 verritur
336 1861 430 1918 Virgilii
437 1862 566 1907 Fauorinus
575 1862 722 1911 existimarit,
733 1863 784 1920 quii
786 1878 812 1905 ris
822 1863 845 1904 in
855 1865 892 1906 de·

149 1921 267 1964 scribenda
271 1919 409 1975 flagrantia
422 1920 506 1962 montis
514 1918 604 1961 Aetrme
613 1919 740 1962 Pindarum
748 1923 845 1973 potem..
858 1931 892 1961 sc·

149 1982 213 2019 cutm
223 1982 269 2019 est:
289 1977 371 2018 collat
362 1990 418 2034 tque
435 1976 463 2018 aii
478 1987 504 2018 eo
518 1988 586 2032 super
595 1978 674 2018 eisdem
682 1976 830 2032 severiusque
841 1988 892 2017 rar-

146 2033 211 2076 mina
221 2038 244 2074 et
253 2031 389 2075 diiudicata.

127 2112 150 2157 1.
167 2108 325 2156 Farorinum
338 2108 533 2167 philosophum,
553 2122 610 2154 cnm
625 2107 651 2154 in
665 2106 776 2165 hospitis
786 2119 827 2151 sur
819 2105 893 2151 An-

90 2176 182 2225 tiatem
196 2176 285 2222 villam
300 2178 372 2222 aestu
388 2176 449 2222 unni
469 2176 656 2231 concessisset,
675 2188 775 2232 nosque
784 2174 817 2219 ad
833 2187 893 2220 eum

89 2244 227 2291 videndum
238 2244 318 2289 Roma
328 2244 496 2298 venissemus,
506 2243 610 2288 memini
620 2256 696 2301 snper
705 2242 817 2288 Pindaro
828 2242 894 2298 pod-

89 2313 119 2358 ta
132 2314 159 2357 et
172 2310 286 2369 Virgilio
301 2311 329 2356 in
343 2310 411 2356 hunc
420 2312 475 2357 fere
484 2311 588 2356 modurn
603 2311 743 2356 disserere:
762 2312 786 2353 2.
798 2306 892 2363 Amici,

90 2378 188 2438 lnquit,
209 2377 400 2433 familiaresque
410 2378 439 2423 Ρ.
450 2377 557 2436 Virgilii
568 2377 595 2422 in
606 2377 652 2430 iis,
670 2389 734 2435 quae
744 2377 775 2422 de
785 2375 891 2434 ingenio

89 2446 255 2503 moribusque
270 2445 326 2490 eius
340 2444 481 2492 memoriae
491 2444 666 2502 tradiderunt,
683 2443 770 2489 dicere
780 2456 837 2489 eum
847 2456 892 2488 so·

89 2512 168 2560 litum
182 2513 282 2572 ierunt,
302 2525 393 2570 parere
408 2526 436 2557 se
452 2525 542 2559 versus
556 2525 628 2557 more
639 2515 714 2568 utque
726 2510 779 2555 ritu
788 2510 890 2556 ursino.

91 2581 117 2625 3.
135 2581 262 2637 Namque,
282 2582 311 2625 ut
326 2578 374 2625 illa
387 2578 470 2625 bestia
485 2581 564 2626 tetum
574 2579 664 2624 ederet
674 2578 840 2636 ineffigiatum
849 2577 892 2623 in-

90 2648 249 2703 formemque
255 2680 263 2707 ‚
278 2645 462 2705 lambendoque
473 2647 500 2693 id
509 2649 601 2706 postea
606 2678 615 2701 ,
629 2646 699 2703 quod
709 2647 747 2691 ita
757 2644 891 2698 edidisset,

92 2714 267 2762 conformaret
276 2717 303 2761 et
312 2715 432 2775 tingeret3
443 2715 551 2775 proinde
560 2712 660 2775 ingenii
671 2725 772 2773 quoqne
782 2711 824 2758 sui
833 2724 892 2771 par·
