2067 3034
166 94 218 147 318
420 92 530 143 num
565 92 725 141 onnon

167 208 351 263 eare'omnium
358 221 446 260 rerum
456 212 550 260 [Μαι
559 211 724 273 riderentur,
744 211 847 262 infinito
857 225 942 272 prope
950 214 976 261 et

168 280 353 330 innumerabili
366 294 483 328 numero.
489 294 615 327 annorum
628 281 662 328 ad
676 280 784 327 eundem
798 280 897 340 locum,
919 295 977 329 cum

168 351 260 398 eodem
272 348 362 395 habitu
378 347 457 394 timul
473 361 561 394 omne·
575 350 708 407 proiectae
718 349 791 408 aunt,
812 346 933 407 regredi,
949 350 978 393 ut

169 431 254 475 neque
269 416 339 463 ultua
356 414 547 462 observationis
560 418 650 476 tenor,
669 429 752 473 neque
765 414 909 462 memoriae
921 415 979 461 ulla

170 485 268 544 effigiei
281 483 416 531 literarum
425 485 498 530 tanto
509 495 576 531 aevo
585 482 721 542 potuerint
731 484 850 530 edurare.
878 484 922 530 19.
931 483 979 529 ot·

170 566 219 610 qua
233 551 301 598 iilud
316 550 395 597 etiam
410 549 522 597 cuimodi
536 554 606 598 erret
622 550 843 599 conriderandum
855 549 977 609 putabat3

170 618 240 677 quod
249 617 323 664 aliud
332 617 468 665 stellarum
477 630 570 677 agmen
579 620 663 676 foret,
679 630 731 676 quo
741 618 852 676 primum
861 619 978 676 tempore

170 684 351 743 conciperetur
360 685 437 731 homo
448 684 477 731 in
486 688 562 733 utero
573 687 673 742 matria,
688 685 760 732 aliud
776 687 869 744 postea
879 697 940 730 eum
950 684 978 730 in

169 753 261 798 decem
279 752 408 798 menaibur
427 752 555 811 proximis
568 754 599 800 in
610 754 694 800 locem
713 753 846 811 ederetur3
866 764 978 809 quaere·

169 820 279 879 batque,
294 818 339 876 qui
350 819 516 879 conveniret,
533 821 664 868 diversam
673 833 751 878 anper
760 819 853 868 eodem
862 818 921 865 tieri
932 819 976 866 de·

170 885 398 933 monstrationem:
419 888 456 948 ai,
477 890 507 933 ut
521 887 574 946 ipei
586 889 722 949 putarent,
743 887 899 945 adiuuatque
909 886 980 933 aliua

170 953 310 1000 earundem
325 954 461 1001 stellarum
473 954 540 1001 ritu·
557 959 634 1014 atque
644 956 736 1002 ductor
746 954 814 1001 aliae
823 957 902 1012 atque
912 953 980 1000 aliae

169 1021 290 1068 fortunar
301 1020 381 1067 daret.
415 1025 457 1069 20.
478 1022 531 1068 Sed
540 1025 568 1069 et
576 1024 724 1081 nuptiarum
734 1025 859 1080 tempore,
875 1034 912 1068 ex
923 1021 981 1080 qui-

171 1090 219 1134 bua
229 1087 306 1135 liberi
321 1091 514 1147 quaererentur,
534 1091 610 1148 atque
626 1090 685 1148 ipao
696 1090 774 1136 etiam
787 1088 837 1135 ilio
847 1088 931 1135 maria
942 1091 982 1135 at·

170 1167 220 1214 que
230 1154 342 1202 feminae
353 1155 433 1211 coitu,
447 1155 499 1201 ianr
509 1156 637 1203 declarari
647 1160 769 1215 oportere
780 1156 892 1214 dicebat,
907 1158 981 1203 certo

170 1221 283 1280 quodam
291 1223 318 1267 et
326 1222 474 1269 necessario
485 1223 621 1270 stellarum
630 1224 737 1284 ordine,
752 1224 842 1281 quale·
857 1223 981 1281 qualique

171 1290 278 1335 fortuna
287 1288 404 1335 hominen
412 1289 594 1348 gignerentur:
604 1306 635 1338 ac
644 1291 727 1338 multo
737 1291 815 1338 etiam
824 1294 894 1348 ante,
903 1303 981 1349 quam

171 1358 246 1416 pater
257 1356 316 1417 ipae
327 1358 406 1414 utque
419 1361 503 1403 mater
511 1362 693 1417 nascerentur,
714 1371 749 1405 ex
759 1371 849 1406 eorum
858 1358 981 1417 genitura

170 1423 292 1471 debuine
307 1423 359 1471 iam
375 1427 428 1470 tom
443 1425 559 1483 prospici
563 1457 572 1482 ,
593 1425 696 1485 quinam
711 1425 776 1472 odim
789 1425 871 1472 futuri
881 1427 979 1479 eruent,

173 1503 239 1549 quoa
249 1491 270 1538 ii
280 1491 393 1539 creaturi
404 1493 498 1552 forent,
505 1492 697 1552 etaupralonge
704 1495 780 1552 atque
790 1492 869 1553 lunge
878 1506 928 1551 per
937 1491 979 1539 in-

171 1557 284 1605 finitum:
301 1561 344 1620 ut,
359 1558 382 1606 ai
392 1559 533 1618 direiplina
541 1561 593 1607 iata
602 1561 769 1608 fundamento
779 1560 868 1621 aliquo
879 1560 981 1607 verita·

169 1624 206 1672 tia
220 1625 286 1672 nixa
299 1628 352 1685 eat,
370 1626 513 1674 centesimo
526 1641 607 1687 unque
621 1627 713 1675 abhinc
723 1629 823 1686 aerulo,
841 1628 886 1675 vel
894 1627 979 1686 magia

170 1692 254 1753 primo
268 1693 336 1739 coeii
350 1694 428 1751 atque
439 1695 529 1741 mundi
539 1696 660 1755 exordio,
680 1698 756 1753 atque
769 1696 830 1743 inde
840 1696 893 1743 iam
903 1695 980 1741 dein·

170 1773 244 1819 eepa,
262 1760 386 1808 continua
409 1758 605 1822 signifeatione,
624 1763 746 1821 quotiena
762 1762 867 1822 generis
885 1765 980 1810 aneio·
1023 1766 1027 1786 ¹

168 1840 212 1875 ree
222 1828 337 1875 eiusdem
346 1828 464 1875 hominen
472 1832 650 1890 numerentur,
659 1830 752 1878 ateitae
762 1830 829 1878 iotae
838 1843 979 1890 praemon·

169 1897 253 1942 atrare
264 1896 414 1956 debuerint,
433 1897 519 1954 qualia
530 1897 652 1956 qualique
662 1899 718 1945 fato
728 1898 832 1946 futurua
842 1898 885 1954 ait,
905 1897 980 1956 quia·

170 1962 227 2020 quir
237 1962 315 2010 hodie
324 1966 401 2011 natur
410 1966 462 2010 eut.
494 1966 536 2012 21.
551 1966 610 2019 Quo
621 1968 715 2026 autem,
725 1964 819 2026 inquit,
830 1968 908 2025 paeto
920 1978 981 2012 ere·

170 2030 198 2076 di
210 2031 310 2092 potest,
324 2030 530 2090 uniuscuiusque
541 2032 678 2079 nullarum
687 2034 786 2080 formae
796 2036 823 2080 et
832 2031 979 2093 positioni·

170 2100 266 2145 nortem
281 2099 358 2157 atque
375 2100 506 2147 fortunam
517 2099 567 2145 uni
582 2100 688 2147 omnino
702 2100 802 2147 homini
817 2102 918 2148 certam
933 2101 980 2147 de-

169 2164 420 2228 atinatamqueerae,
440 2179 546 2224 eamque
561 2167 678 2231 formam,
698 2167 927 2227 portlongiauimua
938 2181 980 2215 ae·

170 2232 290 2279 culorum
299 2234 391 2294 spatia,
397 2232 510 2295 restitui,
522 2234 545 2281 ri
554 2234 623 2281 uitae
634 2235 846 2293 fortunarumque
857 2234 981 2281 eiusdem

168 2296 283 2344 hominia
293 2299 399 2361 indicia,
413 2299 505 2347 iotam
515 2301 636 2349 brevibus
646 2302 807 2362 interranis,
826 2315 874 2361 par
884 2300 982 2360 ringu-

168 2362 211 2407 loe
221 2363 347 2412 maiorum
356 2366 413 2413 eiua
423 2367 526 2428 gradus,
537 2381 633 2427 perque
643 2369 770 2416 infinitum
781 2368 981 2417 aueoeaaionura

170 2428 299 2491 ordinem,
321 2434 372 2479 tam
386 2446 463 2492 saepe
477 2447 509 2481 aa
523 2437 574 2481 tan
587 2436 782 2496 multipliciter,
801 2436 892 2483 eadem
908 2435 981 2495 ipra,

169 2507 226 2541 non
240 2495 329 2543 eadem
343 2499 479 2547 stellarum
492 2502 559 2547 faeie
570 2501 742 2550 denotenturi
776 2505 817 2549 22.
836 2502 941 2554 Quodsi
951 2502 981 2548 id

170 2560 226 2607 deri
238 2565 336 2620 puteat,
355 2578 435 2622 eaque
449 2567 587 2615 diversitas
605 2573 679 2628 atque
696 2569 809 2616 varietur
829 2568 982 2616 admittitur

169 2641 218 2688 per
227 2640 316 2676 omnen
325 2629 488 2689 antiquitatia
498 2636 602 2697 gradus,
609 2637 641 2683 ad
649 2636 818 2697 rigniomda
827 2648 920 2684 eorum
929 2637 979 2684 lio·
