2067 3034
154 136 205 189 812
405 139 511 187 nubi
547 139 705 187 GELLll

143 261 238 320 ,aptum
248 257 299 307 tibi
308 256 393 305 rideri
404 258 430 304 et
441 256 580 315 frigidum?
607 256 654 303 Nil
664 259 750 304 autem
760 257 889 304 arbitrare
901 268 961 302 ean·

153 340 198 374 sae
214 327 311 381 luisse,
326 326 395 383 quod
408 324 450 372 vir
463 326 597 372 modestus
612 327 638 371 et
647 325 707 383 puri
717 327 794 383 atque
805 338 887 382 prope
898 335 960 381 qno-

152 393 248 440 tidiani
258 392 395 454 sermonis,
405 394 560 440 mortalibus
570 392 670 447 maluit,
681 405 756 449 quam
764 392 909 438 hominibus
921 389 959 436 di·

153 463 228 509 cerat
238 460 404 518 Eandemque
415 459 499 506 credin
510 462 626 506 futuram
635 459 714 505 fuisse
722 458 901 506 multitudinis
911 458 958 503 de-

151 527 379 583 monstrationem,
399 527 422 573 si
437 542 493 573 cuns
509 528 597 576 mallis
610 526 767 587 honetntbua,
787 539 817 571 ac
833 539 888 571 non
901 539 957 571 eum

151 594 525 643 multismortalr'duadicereti
560 596 585 641 3.
605 594 661 652 Ego
673 595 789 672 quidem,
803 593 903 650 inquit,
919 592 956 637 sic

152 662 285 720 existimo,
296 661 390 719 (nisi
369 673 392 706 ιι
401 675 442 708 me
453 662 588 720 scriptoris
599 661 676 707 istius
688 661 821 718 omnisque
833 661 955 717 antiquae

146 728 281 778 erationis
291 742 364 775 amor
374 731 450 786 atque
459 729 594 776 veneratio
605 742 681 775 caeco
692 742 750 775 esse
760 727 861 773 iudicio
872 724 956 782 facit)

149 797 229 854 longe
242 796 345 853 lateque
355 809 412 842 esse
423 796 544 854 amplius,
556 795 697 854 prolixius,
708 795 822 852 lusins,'
815 810 844 840 ιιι
853 793 954 853 signiti-

151 863 234 910 canda
244 863 326 909 totius
336 877 418 922 prope
429 863 544 909 civitatis
553 862 729 919 multitudine,
739 864 866 909 mortales
877 875 953 919 quarn

148 930 263 978 homiues
280 930 390 976 dixisse.
424 932 448 975 4.
473 932 588 989 Namque
602 930 743 976 multorum
761 929 893 975 hominum
908 942 954 986 ap-

149 998 261 1057 pellatio
274 996 344 1043 intra
356 996 484 1044 modicum
495 1011 596 1055 quoqne
606 1011 741 1043 numerum
751 997 866 1043 cobiberi
877 998 954 1053 atque

149 1065 249 1113 includi
260 1067 359 1123 potest3
377 1066 453 1111 mults·
461 1067 546 1110 autem
556 1065 691 1122 mortales,
698 1061 795 1112 'nescio
806 1078 857 1123 quo
866 1066 954 1122 pacto,

148 1135 175 1179 et
185 1132 295 1190 quodam
305 1145 382 1177 sensu
392 1132 570 1191 inenarrabili,
587 1145 662 1177 omne
673 1133 728 1179 lere
738 1145 829 1192 genus,
845 1130 915 1188 qnod
926 1130 954 1174 in

151 1200 256 1247 civitate
267 1200 321 1256 est,
337 1201 364 1244 et
374 1198 501 1257 ordinum,
516 1201 543 1244 et
553 1201 677 1259 aetatum,
693 1203 720 1245 et
729 1212 817 1258 sexus,
834 1211 954 1256 compre-

150 1267 273 1312 hendunt·
308 1265 386 1319 tluod
401 1265 502 1311 scilicet
514 1266 719 1324 Quadrigarius,
738 1266 776 1312 ita
789 1268 819 1311 ut
833 1280 875 1313 res
888 1266 954 1321 erat,

148 1333 280 1392 ingentem
296 1335 371 1389 utque
386 1332 541 1390 promiscam
555 1334 747 1379 multitudinem
760 1334 853 1379 volens
863 1336 954 1379 osten-

150 1400 220 1459 dere,
231 1414 287 1447 cum
295 1395 384 1445 'multis
393 1400 548 1458 mortalibus
557 1400 694 1446 Metellum
703 1401 731 1446 in
741 1400 900 1458 Capitolium
909 1412 955 1444 ve-

149 1468 220 1515 nisse
232 1467 313 1527 dixit,
329 1459 547 1529 ἰμφιιτικώτεροι,
563 1482 638 1525 qnam
648 1468 670 1513 si
680 1483 735 1514 eum
745 1469 831 1514 inultis
840 1467 955 1513 bantini-

149 1537 196 1582 dus
207 1534 327 1581 dixisset.
363 1537 389 1580 5.
406 1533 445 1579 Ea
455 1547 504 1581 noa
513 1535 609 1588 omnia,
619 1549 684 1592 quae
695 1537 794 1582 Fronto
805 1534 884 1594 dixit,
897 1546 954 1580 cum

148 1602 195 1661 ita,
204 1605 234 1646 ut
243 1616 289 1661 par
300 1602 363 1659 erat,
374 1614 428 1646 non
437 1604 610 1658 approbantes
621 1606 728 1658 tantum,
739 1603 784 1648 sed
794 1602 954 1648 admirantes

149 1682 252 1728 quoque
262 1668 422 1714 audiremus:
442 1668 536 1714 Videte
547 1672 641 1726 tamen,
660 1669 752 1730 inquit,
772 1683 805 1715 ne
815 1669 954 1715 existime-

148 1738 192 1799 tis,
203 1749 304 1796 semper
313 1738 389 1793 atque
400 1735 428 1781 in
439 1734 509 1781 omni
518 1736 579 1783 loco
591 1743 715 1783 mortales
725 1738 818 1783 multos
828 1749 875 1793 pro
886 1736 955 1781 mul-

143 1808 183 1853 tis
193 1804 335 1850 luminibus
351 1815 407 1849 esse
423 1803 570 1862 dicendum,
590 1818 623 1849 ne
639 1804 715 1861 plane
727 1805 770 1851 liat
782 1805 909 1849 Graecum
918 1803 955 1848 il-

138 1873 192 1918 r'lud
205 1870 365 1918 deVarronis
376 1872 465 1929 satyra
474 1870 640 1928 proverbium
650 1867 681 1915 τὸ
693 1868 733 1915 ἐπὶ
743 1872 774 1933 τῇ
785 1869 852 1932 φακῇ
859 1864 956 1933 μύρον.

128 1953 135 1998 j
148 1942 173 1984 6.
192 1941 248 1985 Hoc
258 1937 382 1984 iudicium
391 1937 546 1993 Frontonis,
566 1938 645 1984 etiarn
655 1937 683 1982 in
694 1938 782 1996 parvis
791 1937 956 1994 minutisque

57 2053 64 2066 ‚
127 1997 132 2018 ”
147 2005 296 2064 vocabulis,
315 2018 369 2050 non
382 2005 640 2063 praetermittendum
655 2006 757 2064 putavi,
777 2017 869 2050 nenos
881 2006 956 2050 torte

120 2095 122 2098 v
149 2075 253 2186 tugerett·
265 2072 409 2129 lateretque
420 2071 543 2118 subtilior
553 2070 731 2119 huiuscemodi
740 2075 879 2120 verborum
889 2085 956 2118 con-

148 2152 171 2188 ar
190 2154 234 2188 era
246 2152 281 2185 ιο.

377 2259 566 2312 CAPUT
601 2259 716 2313 XXIX.

239 2324 294 2368 Non
307 2324 414 2372 lacteam
428 2327 605 2385 rarefactam
622 2345 666 2386 qna
681 2333 749 2384 uulgo
766 2328 857 2372 dicitur.

88 2425 91 2432 .
182 2402 206 2445 1.
225 2400 440 2450 Animadvertere
455 2407 502 2467 est,
516 2405 640 2468 pleraque
650 2410 787 2454 verborum
797 2405 957 2454 Latinorum

149 2477 183 2511 ex
193 2478 223 2510 ea
234 2466 371 2523 significat
364 2484 433 2529 rone,
453 2471 540 2529 inqua
551 2476 613 2518 nata
624 2476 697 2528 sunt,
716 2473 860 2519 decessisse
871 2474 933 2519 vel'
925 2488 958 2521 ιιι

149 2530 227 2576 aliam
237 2531 328 2593 longe,
344 2536 402 2579 vel
396 2552 423 2582 ιιι
433 2539 588 2595 proximam,
607 2553 712 2598 eamque
724 2539 902 2586 decessionem
914 2542 958 2587 ia·

149 2599 215 2641 etam
233 2610 290 2642 esse
310 2604 496 2651 consuetudine
517 2609 544 2652 et
563 2606 668 2652 inscitia
688 2610 785 2652 temere
801 2606 957 2664 dicentium,

150 2675 214 2718 <luae
231 2663 344 2710 cuimodi
358 2668 423 2732 sint,
445 2685 498 2718 non
513 2673 659 2721 didicerint.
700 2676 725 2721 2.
750 2673 834 2721 Sicuti
849 2674 958 2733 quidam
