2067 3034
155 102 191 157 84
409 104 517 152 Auos
553 102 712 149 GELLll

154 220 255 281 largius
264 220 448 280 prolixiusque
458 221 559 278 llueret,
569 231 644 276 quem
657 221 727 266 esset
737 218 811 275 setis.
848 221 889 267 ll.
909 218 960 274 Qui

154 288 219 335 dieii
229 301 300 350 ergo,
312 303 340 336 se
350 300 485 348 superesse
496 287 531 342 ei,
544 301 620 345 quem
630 286 756 349 defendit,
772 285 839 334 nihil
848 286 963 332 istorum

152 356 213 403 uult
228 356 313 403 disere
321 369 331 402 :2
347 357 392 402 sed
401 353 491 402 neseio
501 354 563 411 quid
572 353 644 399 eliud
654 353 781 400 indictum
789 352 962 411 inscitumque

154 423 236 470 dieite
263 425 303 470 ia.
319 424 355 469 As
363 435 396 467 ne
405 421 512 479 Virgilii
523 420 625 478 quidem
635 420 734 478 poterit
744 420 903 469 auctoritate
912 420 962 480 uti,

154 491 200 549 qui
210 491 238 537 in
250 488 390 547 Georgicis.
397 488 433 533 ita
443 488 560 546 scripsit:

207 557 310 604 Morus
320 571 366 616 ego
375 557 403 600 irs
410 560 531 614 patriam
540 569 646 611 meeum,
655 555 728 602 modo
738 557 795 601 eila
802 556 929 614 supersit.

154 627 211 672 Hoc
227 622 295 670 enim
310 622 338 669 in
352 623 413 668 loeo
424 622 555 680 Virgilius
567 615 726 683 ἀωρότερον
738 617 793 684 [eo]
804 625 884 669 verbo
897 635 963 667 usus
978 626 984 635 '

156 693 268 752 videtur,
288 689 359 748 quod
372 691 491 748 supersit
504 689 572 735 dixit
586 701 645 748 pro:
664 688 835 747 longinquius
847 689 963 735 (lintius-

154 772 204 816 que
222 757 300 804 adsit.
337 759 377 804 la.
395 757 466 804 lllusl
483 759 574 803 eontra
592 755 709 802 eiusdem
726 756 832 815 Virgilii
852 759 894 804 est
908 756 960 802 ali-

153 828 252 883 quanto
262 822 435 883 probabilius:

220 891 402 952 Florentisque
412 896 503 938 secant
511 890 771 952 heroasfluotoeqoe
780 892 943 954 ministrant,

220 958 371 1019 Firmaque,
380 973 412 1005 ne
422 960 517 1005 blando
528 965 660 1018 nequeant
668 972 803 1017 superesse
812 960 912 1005 trieri.

154 1025 289 1085 signifieat
303 1026 389 1073 enims
406 1039 484 1084 sopra
497 1027 614 1072 laborem
628 1038 699 1085 esse,
718 1039 803 1084 neque
818 1025 928 1085 opprimi
945 1039 964 1072 a

152 1093 252 1141 labore.
295 1095 338 1145 14*
354 1096 395 1138 An
409 1097 496 1139 sutem
513 1106 645 1152 superesse
660 1093 778 1139 dixerint
794 1097 896 1140 veteres
911 1106 963 1151 pro

152 1163 254 1209 sestare
264 1163 290 1206 et
299 1159 469 1219 perficiendae
479 1159 520 1206 rei
530 1162 628 1222 deesse,
635 1163 829 1219 quaerebamus.
848 1162 888 1206 15.
895 1161 963 1206 Nam

154 1227 295 1275 Sallustius
305 1227 333 1273 in
344 1227 537 1286 significatione
547 1227 598 1273 isto
608 1241 662 1273 non
671 1242 815 1290 superesse,
826 1228 875 1275 sesi
884 1241 963 1286 supe-

153 1294 963 1355 reredieit.Veriaeiosinlugurthalloeesuntzlsplerumqrse

151 1375 268 1410 seorsum
278 1377 296 1408 α
306 1376 366 1424 rege
375 1365 518 1410 exereitum
528 1365 646 1423 duetore,
661 1369 689 1408 et
701 1365 789 1410 omnis*
798 1376 842 1409 res
851 1365 964 1423 exsequi

152 1432 245 1478 solitus
255 1435 330 1489 erat,
346 1443 413 1491 quae
423 1429 571 1490 Iugurthae
581 1429 657 1491 fesso
667 1435 717 1475 out
723 1431 866 1478 oratoribus
875 1434 963 1477 astri-

152 1504 194 1545 oto
204 1505 408 1556 superaverant.
445 1499 484 1543 lo.
504 1497 558 1544 Sed
569 1497 719 1544 invenimus
734 1497 762 1543 in
780 1497 860 1545 tertio
877 1498 963 1545 Ennii

152 1564 301 1621 Assellum,
310 1564 398 1612 inias
408 1576 502 1612 versus
590 1599 592 1603 ψ

237 1633 301 1678 lescle
310 1634 361 1680 ribi
368 1638 581 1678 memoraturum
589 1644 724 1690 superesse
734 1633 860 1689 latorem,

152 1699 180 1745 to
190 1700 238 1757 est,
248 1699 376 1758 reliquum
388 1711 445 1745 esse
456 1701 482 1745 et
492 1702 604 1756 restare3
616 1700 683 1756 quod
693 1699 796 1756 quidem
806 1700 889 1746 divise
898 1713 962 1759 pro-

152 1766 324 1813 nuntiandum
334 1771 381 1828 est,
388 1770 417 1812 ut
427 1779 481 1812 non
490 1779 543 1813 una
553 1779 612 1824 pars
623 1766 752 1812 orationis
763 1780 820 1813 esse
830 1766 960 1826 videatur,

154 1835 199 1881 sed
210 1834 285 1881 rinae.
321 1836 362 1880 li.
381 1834 476 1881 Cicero.
484 1836 570 1880 autem
580 1834 607 1879 iu
619 1835 730 1880 secunda
740 1834 961 1892 Antonianarum,

152 1902 222 1959 quod
241 1903 283 1948 est
293 1901 438 1959 reliquum,
459 1914 514 1947 non
533 1914 675 1960 superesse,
694 1902 740 1948 sed
758 1908 863 1948 restare
882 1902 958 1949 dicit.

153 1970 194 2014 1-8.
205 1969 313 2016 Praeter
321 1969 392 2026 haee,
402 1982 539 2028 superesse
549 1967 693 2016 invenimus
705 1968 800 2015 dietum
807 1982 855 2027 pro
866 1982 962 2029 super·
978 2011 981 2017 .

151 2038 239 2082 etitem
249 2050 321 2084 esse.-
356 2038 395 2082 19.
407 2035 444 2081 ita
458 2036 528 2083 enim
541 2037 664 2094 scriptum
678 2040 719 2082 est
733 2036 761 2082 in
776 2037 843 2083 libro
859 2037 962 2096 episto-

151 2102 237 2150 larum
251 2105 287 2149 Μ.
304 2103 437 2149 Ciceronis
453 2104 486 2149 ad
500 2105 529 2148 le.
545 2103 669 2149 Plancum
684 2106 711 2148 et
725 2103 752 2149 in
767 2104 880 2163 epistola
897 2100 959 2169 [llll

153 2168 244 2216 Asinii
256 2169 386 2216 Pollionis
403 2171 433 2215 od
450 2171 601 2217 Ciceronem
616 2169 701 2217 rerlris
716 2171 769 2217 his:
793 2173 863 2218 Nam
877 2186 961 2233 neque

114 2242 117 2246 ’
153 2237 239 2282 deesse
253 2238 415 2295 reipublicae
429 2238 487 2283 eolo
495 2268 503 2292 ,
519 2250 600 2296 neque
613 2250 762 2294 superesse:
780 2251 826 2296 per
842 2240 912 2296 quod
921 2241 961 2286 si-

151 2302 270 2363 gnifieat,
289 2302 311 2350 si
325 2304 472 2362 respublica
487 2304 630 2351 emoriatur
639 2305 665 2348 et
675 2308 776 2363 pereat,
795 2305 867 2352 nolle
878 2320 906 2353 se
916 2308 962 2353 vi·

151 2382 223 2416 sere·
267 2373 307 2416 2⁰.
330 2373 361 2416 ln
380 2370 466 2416 Plauti
489 2374 574 2418 sutem
597 2369 720 2418 Asinaria
742 2372 907 2419 manifestius
930 2373 959 2419 io

152 2435 237 2495 ipsum
248 2437 372 2494 seriptum
383 2440 423 2483 est
436 2438 464 2483 in
475 2438 515 2485 his
526 2437 624 2499 uerbis,
641 2450 706 2495 qnae
717 2441 777 2484 sunt
786 2437 843 2484 eius
853 2452 961 2486 eomoe·

151 2504 316 2564 oiaeprima:

254 2572 328 2619 sieut
337 2577 408 2617 tuum
416 2573 455 2619 vis
464 2573 565 2618 unicum
573 2577 681 2631 gnatum
692 2578 754 2618 tuae

254 2638 396 2705 Seperesse
405 2639 477 2687 ettae
487 2641 608 2698 sospitent
617 2645 643 2686 et
652 2639 826 2698 superstitem.

358 2795 364 2821 Ι
