2067 3034
143 117 160 166 6
390 118 499 166 num
534 116 693 165 GELLII

142 235 318 297 existimavit,
331 234 362 283 ut
377 234 510 294 ingenium
521 233 691 292 facundiaque
701 231 758 279 eius
768 231 819 279 fuit
825 264 834 289 ,
850 230 941 281 sumsit

140 310 168 353 et
182 303 346 363 transposuit
359 301 564 349 commodissime
579 300 772 359 aptissimeque.
807 302 848 346 12.
867 302 942 348 Hunc

142 375 228 419 autem
238 372 337 431 locum,
348 370 440 427 dequo
451 369 515 415 satis
526 368 671 427 quaesitum
681 381 739 415 esse
750 367 816 423 dixi,
827 368 941 414 omnium
1027 368 1028 377 ¹

140 452 229 487 rerum
239 438 348 485 aliarum
358 435 541 483 difficillimum
550 435 661 482 strictim
668 438 744 493 atque
752 435 847 482 cursim
853 437 940 481 trans·

141 520 248 566 gressus
263 507 315 551 est:
333 516 417 560 neque
426 516 471 564 ea,
487 515 552 561 quae
563 515 578 547 a
588 503 768 559 Theophrasto
779 501 941 560 pensiculate

141 576 217 632 atque
227 571 362 618 enucleate
372 571 470 628 scripta
479 571 550 626 sunt,
560 572 699 616 exsecutus
710 571 762 628 est;
781 569 836 629 sed,
848 568 941 615 anxie·

141 642 195 686 tate
205 639 254 684 illa
263 639 290 684 et
299 635 375 696 quasi
383 636 537 683 morositate
547 635 733 695 disputationis
748 635 941 697 praetermissa,

141 719 222 765 genus
232 705 316 763 ipsum
331 703 372 750 rei
385 705 484 749 tantum
492 703 583 761 paucis
596 703 684 749 verbis
694 702 806 750 notavit.
843 704 883 748 13.
900 703 942 748 Ea

141 773 221 819 rerba
231 770 379 828 ciceronis,
395 770 419 816 si
428 783 566 818 recensere
576 769 633 828 quis
643 770 737 832 vellet,
749 768 871 828 apposui:
889 770 941 817 His

140 841 222 900 igitur
229 835 332 897 finibus
347 837 466 885 utendum
476 849 531 884 esse
540 838 669 898 arbitror,
686 843 715 883 ut
721 871 729 899 ,
743 851 800 883 cuns
810 836 942 882 emendati

141 918 225 954 mores
235 906 378 952 amicorum
388 911 461 961 sant,
473 908 526 949 tum
541 906 576 951 sit
584 907 654 950 inter
664 905 828 951 aesomnium
842 917 939 964 reram,

140 974 316 1032 consitioram,
325 973 496 1031 voluntatum,
507 973 562 1018 une
572 972 629 1017 ulto
638 973 792 1031 ercepttone
801 973 940 1018 communi·

141 1048 200 1088 tas:
214 1029 336 1087 utietians
346 1041 370 1087 si
380 1052 433 1099 qna
440 1038 559 1100 fortuna
567 1039 707 1097 acciderit,
722 1045 752 1085 ut
760 1041 843 1086 minas
852 1039 940 1085 iustae

140 1108 288 1154 voluntates
298 1108 440 1153 amicornm
450 1106 617 1152 adi'uoandae
630 1107 695 1167 sint,
712 1107 740 1152 irs
750 1107 841 1168 quibas
851 1119 939 1152 corson

142 1181 190 1221 aut
206 1180 290 1235 eaput
306 1177 407 1234 agatur
422 1177 471 1219 aut
479 1171 576 1236 foma,
593 1173 771 1220 declinandum
785 1176 822 1221 sit
837 1173 867 1218 de
882 1175 939 1227 cia,

140 1242 214 1289 modo
223 1255 256 1288 ne
265 1253 364 1289 summa
375 1240 508 1299 turpitudo
520 1246 661 1301 sequatur:
670 1247 713 1289 est
720 1243 800 1296 eninr,
812 1246 939 1302 quotenus

141 1310 273 1355 amicitiae
281 1307 360 1354 uenia
370 1307 432 1354 clari
437 1308 532 1367 possit.
540 1331 573 1342 -·
593 1310 656 1361 cnm
665 1314 769 1370 agetur,
782 1306 880 1366 inquit,
891 1314 940 1354 aut

140 1380 221 1435 caput
231 1377 319 1430 amici,
326 1374 471 1436 autfama,
477 1374 655 1422 decti'nandum
667 1382 708 1423 est
717 1377 748 1422 dc
757 1379 812 1430 oio,
821 1378 850 1424 nt
861 1373 940 1421 etiam

141 1441 255 1500 iniquum
263 1441 426 1488 voluntatem
440 1440 516 1488 illius
534 1440 686 1489 adiutemus.
723 1444 762 1488 14.
784 1442 837 1488 Sed
854 1442 939 1487 cuius·

139 1508 210 1556 modi
220 1506 361 1555 declinatio
371 1508 423 1555 iste
431 1521 489 1555 esse
499 1509 604 1570 dehent,
622 1509 756 1568 qualisque
772 1508 804 1555 ad
813 1508 939 1554 adiuvan-

141 1575 200 1622 dum
209 1573 347 1637 digressio,
363 1577 391 1622 et
404 1575 433 1621 in
442 1578 536 1633 quanta
545 1576 689 1623 voluntatis
700 1576 776 1623 amici
792 1575 939 1633 iniquitate,

139 1653 195 1688 non
204 1641 277 1688 dicit.
313 1643 353 1688 15.
373 1641 443 1696 Quid
451 1644 537 1689 autem
545 1644 626 1689 refert
640 1643 709 1690 'scire
719 1657 761 1690 me
771 1643 800 1689 in
809 1642 938 1689 eiusmodi

139 1708 264 1768 perieulis
275 1706 428 1768 amicorum,
439 1708 462 1756 si
474 1723 529 1756 non
538 1723 631 1767 magna
640 1724 682 1756 me
692 1710 824 1769 turpitudo
835 1708 939 1755 insecu-

140 1777 198 1822 tura
208 1777 248 1822 est
253 1806 262 1831 ,
278 1774 309 1822 de
318 1774 362 1822 via
371 1778 443 1823 recta
453 1788 511 1822 esse
523 1775 721 1834 declinandum,
737 1777 789 1823 nisi
799 1775 826 1821 id
836 1787 937 1833 quoqne
1028 1802 1029 1805 =

138 1854 181 1888 rue
191 1841 322 1898 docuerit,
332 1854 407 1900 quam
416 1845 490 1900 putet
499 1854 617 1900 magnam
626 1843 821 1902 turpitudinem,
833 1844 872 1902 et,
881 1855 939 1888 cum
1028 1846 1029 1897 ἶ

139 1906 276 1956 decessero
287 1909 319 1955 de
327 1909 385 1972 via,
401 1921 534 1968 quousque
544 1909 648 1967 degredi
658 1911 782 1957 debeam?
800 1908 851 1956 Est
861 1912 938 1965 enim,

139 1973 238 2035 inquit,
254 1982 382 2037 quatenns
396 1976 459 2024 dari
468 1978 601 2022 amicitiae
611 1980 686 2023 acm'a
692 1980 786 2037 possit.
822 1977 863 2021 16.
881 1977 939 2021 Hoc

139 2041 217 2089 immo
228 2041 312 2100 ipsum
322 2044 378 2103 est,
394 2042 464 2101 quod
473 2042 587 2089 maxime
597 2042 745 2091 discendum
755 2044 796 2090 est
802 2074 811 2099 ,
821 2042 938 2101 quodque

138 2109 171 2155 ah
181 2107 224 2172 iis,
234 2109 279 2168 qni
293 2109 400 2171 donent,
409 2109 515 2156 minime
527 2109 635 2171 dieitur,
648 2113 773 2167 quatenns
783 2123 883 2169 quaque
893 2108 939 2154 tini

141 2175 198 2222 dari
208 2176 339 2222 amicitiae
349 2176 427 2223 venie
437 2176 537 2223 debeat.
574 2178 613 2223 l'i.
633 2177 708 2224 Chilo
719 2177 766 2224 ille
776 2176 894 2236 sapiens,
906 2174 943 2220 dc

140 2255 194 2300 quo
201 2243 280 2300 paulo
291 2244 351 2289 ante
362 2242 429 2298 dixi,
440 2242 613 2290 conservandi
623 2243 698 2289 amici
709 2257 786 2291 causa
796 2244 828 2291 de
836 2243 880 2290 via
891 2241 938 2288 ‹le-

140 2307 264 2368 ulinarit3
284 2308 329 2356 sed
342 2309 433 2371 video,
451 2322 583 2367 quousque
598 2322 751 2368 progressus
768 2314 819 2369 est;
843 2310 937 2356 falsum

138 2375 210 2422 enim
223 2389 271 2434 pro
282 2375 359 2422 amici
374 2376 459 2422 salute
476 2375 618 2422 eonsilium
633 2376 713 2423 dedit.
750 2379 790 2424 18.
809 2377 837 2423 ld
853 2376 938 2435 ipsum

139 2444 226 2488 tamen
240 2442 268 2488 in
278 2443 328 2489 ine
338 2456 439 2501 quoque
449 2442 533 2501 vitae,
554 2456 587 2488 an
603 2442 661 2489 iure
675 2449 765 2502 posset
782 2443 938 2504 reprehendi

140 2507 305 2570 culparique,
316 2509 450 2556 dubitavit.
483 2512 584 2555 Contra
591 2515 727 2569 patriam,
739 2512 824 2570 inquit
834 2513 937 2574 Cicero,

139 2587 216 2620 arma
231 2588 279 2634 pro
290 2578 372 2623 amico
383 2575 505 2622 sumenda
520 2588 571 2620 nors
586 2583 653 2622 ruat.
690 2579 731 2624 lo.
750 2580 807 2624 Hoc
816 2581 936 2637 profecto

139 2653 217 2690 nemu
226 2641 371 2705 ignoravit,
382 2642 460 2690 etiam
469 2640 619 2702 priusquam
627 2643 772 2709 Theognis,
781 2649 811 2693 ut
819 2646 937 2694 Lucilius
