2067 3034
176 127 228 188 848
425 128 534 178 ΔΒΗ
570 128 730 179 ossan

176 248 279 310 proelio
297 246 465 306 versaretur,
479 260 567 295 coram
578 246 668 294 videre
682 258 741 294 sese
754 246 924 295 vociferatus
944 252 997 308 est;

177 319 309 377 acpostea
323 316 409 363 subito
425 314 598 372 exclamavit,
618 315 755 361 Caesarem
767 314 876 361 vicisse.
919 318 947 362 3.
966 318 998 363 At

178 384 295 431 cornelii
310 382 453 444 sacerdotis
466 381 610 429 hariolatio
624 380 692 428 levis
702 383 757 427 tum
766 382 872 438 quidem
882 382 950 429 visa
960 387 998 430 est

178 455 206 500 et
216 463 321 498 vecors:
340 464 447 509 magnae
456 464 520 498 mox
530 447 700 496 admirationi
710 448 773 509 tuit,
789 450 859 506 quod
868 464 930 496 non
941 463 997 496 mo-

179 519 213 565 do
228 531 330 577 pugnae
344 518 413 576 dics,
433 531 497 576 quae
510 516 538 564 in
549 515 685 562 Thessalia
699 519 815 574 pugnata
824 519 888 573 eat,
910 531 997 575 neque

178 586 276 645 proelii
286 585 382 643 exitus,
393 583 437 641 qui
447 587 503 631 erat
511 583 672 642 praedictus,
682 582 752 629 idem
761 582 825 630 tuit:
841 584 892 631 aed
903 597 996 631 omnes

179 666 282 711 quoqne
296 652 427 710 pugnandi
441 651 592 709 reciprocae
607 650 690 707 vices,
710 652 738 697 et
751 650 809 710 ipsa
822 652 995 700 exerciturm

182 720 294 766 duorum
309 718 466 766 conflictatio
481 717 650 767 vaticinantia
665 719 740 765 motu
753 720 831 776 atqua
845 720 941 768 verbis
955 733 995 767 aa·

181 787 347 846 praesentata
356 788 404 833 eat.

430 877 452 927 C
469 876 493 926 Α
508 874 532 926 Ρ
549 875 575 926 U
592 875 618 925 T
653 874 741 927 XIX.

213 940 289 986 Verba
297 942 331 984 M.
345 942 460 988 Varronis
469 943 580 987 monario
589 942 670 999 digna,
679 958 708 988 ea
717 949 809 1002 satyra,
816 957 877 1004 puae
885 941 992 987 anatot

191 1035 193 1040 ,
238 1005 470 1056 ΜΠιρὶὲδεαμᾶτων.
550 1055 551 1060 ¹
569 1029 570 1032 ¹

216 1075 242 1122 1.
259 1071 479 1133 Nonpaucissimi
489 1074 563 1134 sunt,
583 1075 612 1123 in
625 1090 690 1135 quos
700 1076 787 1136 potest
800 1071 949 1121 convenire
958 1073 991 1135 id,

183 1143 253 1202 quod
266 1143 302 1188 M.
317 1143 400 1188 Varro
421 1140 485 1188 dicit
501 1141 530 1186 in
544 1147 631 1204 satyra
635 1175 645 1200 ‚
670 1158 735 1202 quae
751 1142 908 1189 inscribitur
927 1139 992 1204 Περὶ

183 1202 338 1271 ἐδεσμάτων.
372 1211 397 1253 2.
416 1207 579 1256 Verhahaec
594 1214 670 1257 aunt:
696 1212 734 1271 Si,
750 1215 876 1272 quantam
890 1223 990 1269 operae

183 1278 309 1338 sumsisti,
325 1282 353 1322 at
364 1282 422 1322 tarsa
430 1278 518 1335 pistor·
529 1278 619 1325 honam
623 1278 734 1340 faceret
740 1289 845 1338 panem,
860 1278 920 1323 eiua
930 1277 991 1322 dao-

184 1344 308 1406 deer'mam
318 1343 501 1403 philosophiae
514 1344 642 1400 dedisses,
660 1347 717 1406 ipae
736 1348 816 1392 donas
833 1344 990 1403 iampridem

184 1412 359 1474 eeaerfactaa.
393 1411 468 1457 Nara
476 1413 549 1457 illum
560 1417 606 1472 qai
614 1420 711 1459 norant
717 1444 727 1470 ,
740 1413 929 1460 volantemere
938 1410 989 1458 nerl-

184 1480 252 1546 iilras
260 1486 376 1539 ceritum
395 1485 421 1526 te
431 1480 478 1541 qai
485 1482 565 1537 novit,
574 1494 647 1529 remo
658 1482 794 1529 ceataaaia.

210 1667 304 1714 Notata
312 1670 424 1727 quaedam
434 1671 460 1711 ele
467 1667 587 1724 Euripidis
593 1674 682 1727 poetae
690 1683 781 1727 genere,
800 1666 863 1721 trita,
882 1669 984 1718 marita

238 1728 306 1783 depae
315 1724 411 1769 eiusdem
415 1723 467 1781 fine
476 1724 545 1769 vitae.

219 1803 244 1848 1.
266 1800 400 1859 Euripidis
419 1802 514 1860 poetae
538 1804 646 1850 matrem
668 1804 851 1864 Theopompus
874 1806 984 1863 agrestia

183 1869 257 1918 olera
270 1869 424 1916 vendentem
439 1870 538 1916 victum
553 1870 686 1928 quaesisse
703 1871 775 1919 dicit.
811 1875 838 1917 2.
854 1872 929 1919 Patri
944 1886 984 1920 aa·

127 1936 129 1940 '
181 1941 234 1985 tem
245 1936 309 1994 eius,
320 1937 381 1981 nato
393 1933 450 1995 illo,
458 1950 612 1995 responsum
623 1941 663 1984 eat
672 1952 688 1985 a
698 1939 844 1998 Chaldaeis,
856 1953 916 1985 eum
926 1954 984 1999 pue·

180 2018 248 2068 rum,
258 2018 315 2051 cum
325 2003 492 2065 adolevisset,
502 2006 627 2052 victorem
638 2006 667 2052 in
677 2005 862 2052 certaminibus
871 2007 945 2066 fore3
962 2006 984 2052 id

181 2073 208 2120 ai
219 2086 300 2131 puero
317 2072 398 2117 fatum
415 2084 481 2117 ease.
517 2074 541 2118 3.
558 2073 637 2117 Pater
647 2072 845 2133 interpretatus,
865 2074 984 2121 athletam

182 2141 277 2189 debere
294 2152 364 2193 esse,
385 2139 508 2185 roborato
528 2138 725 2197 exercitatoque
743 2141 793 2186 lilii
811 2140 853 2187 sui
866 2154 983 2200 corpore,

182 2206 330 2270 Olympiam
344 2206 503 2252 certaturum
517 2221 575 2253 eum
591 2206 660 2252 iuter
674 2208 787 2255 athletas
801 2221 898 2265 pueros
909 2209 983 2255 dedn-

181 2274 233 2323 xit.
268 2276 306 2320 Ae
316 2273 398 2331 primo
410 2273 513 2331 quidem
524 2274 552 2319 in
562 2276 692 2321 certamen
702 2289 749 2333 per
760 2276 906 2333 ambiguam
917 2282 983 2323 aeta·

181 2344 234 2388 tem
242 2342 361 2397 receptus
371 2353 425 2386 non
435 2343 485 2387 est.
517 2341 582 2386 Post
596 2341 734 2389 Eleusinia
749 2344 775 2389 et
784 2335 984 2390 Theseo'certa-

181 2408 252 2455 mine
265 2406 405 2464 pugnavit,
425 2409 452 2453 et
465 2412 606 2455 coronatus
622 2412 671 2456 eat.
706 2412 732 2456 4.
748 2412 823 2470 Mox,
842 2422 859 2455 a
869 2409 983 2468 corporis

182 2485 245 2519 mro
257 2472 290 2516 ad
300 2473 441 2520 excolendi
456 2476 535 2521 animi
546 2476 660 2522 studium
668 2478 861 2536 transgressus,
881 2478 983 2524 auditor

175 2537 233 2585 tuit
242 2536 342 2594 physici
352 2540 538 2603 Anaxagorae,
555 2545 581 2589 et
589 2542 704 2591 rhetoris
713 2543 834 2603 Prodici3
855 2542 884 2589 in
893 2539 982 2591 morali

183 2606 269 2664 autem
282 2602 448 2661 philosophia
460 2609 587 2655 Socratis.
623 2612 795 2670 Tragoediam
809 2610 923 2659 scrihere
940 2624 982 2659 aa·

179 2673 223 2717 tus
233 2681 315 2717 annos
327 2670 505 2731 duodeviginti
514 2676 622 2725 adortus
632 2682 679 2726 est.
718 2682 742 2727 d.
760 2677 934 2728 Philochorus
942 2690 980 2729 re·
