2067 3034
327 125 411 172 ΗΒ.
436 126 458 172 1.
493 125 585 174 CAP.
615 128 655 175 1³.
860 123 893 177 23

85 244 184 292 rendae
195 243 302 292 occasio
312 243 484 290 amitteretur.
502 246 528 290 6.
544 246 637 301 Neque
650 242 793 292 timendum
806 259 895 295 exem-

85 312 159 371 plum
172 326 229 358 non
243 310 353 370 parendi
367 308 548 366 crediderunt,
563 310 586 357 si
596 311 714 358 rationes
728 312 895 361 huiuscemo-

86 378 114 431 di
129 378 267 425 dumtaxat
276 390 329 424 uon
347 375 477 425 deessent.
500 379 526 425 i.
545 378 700 437 Cumprimis
710 381 796 426 autem
810 381 895 440 respi-

86 446 211 493 ciendum
227 447 385 505 putaverunt
402 444 534 504 ingenium
548 447 718 504 naturamque
731 445 820 502 illius,
834 448 894 494 cuia

84 527 127 561 res
144 516 367 572 praeceptumque
386 515 468 569 esset3
482 526 515 558 ue
527 514 613 568 ferox,
624 513 717 573 durus,
734 513 893 576 indomitus,

83 580 316 637 inexorabilisque
336 579 385 637 sit;
399 578 489 636 qualia
507 581 615 626 luerunt
629 579 796 627 Postumiana
809 580 891 640 impe·

82 648 124 694 ria
136 651 165 693 et
174 647 319 693 Manliana
355 649 379 692 8.
396 646 463 692 Nam
472 646 495 692 si
508 646 558 693 tali
571 647 735 706 praeceptori
751 647 820 694 ratio
830 649 891 694 red·

83 714 169 760 denda
179 714 227 770 sit,
237 714 306 760 nibil
317 712 466 760 laciendum
475 726 535 760 esse
544 717 703 761 monuerunt
711 714 802 776 aliter,
814 728 890 773 quam

82 785 254 840 praeceptum
269 782 316 827 est.
336 784 359 826 9.
377 779 535 827 Instructius
545 780 767 839 deliberatiusque
778 783 836 829 fore
846 795 890 829 ar-

81 849 212 895 bitramur
220 847 513 895 theorematiumhocde
523 846 837 896 mandatis'huiuscemodi
843 853 890 897 ob-

79 916 238 973 sequendis,
250 915 273 962 si
283 915 433 973 exemplum
441 928 543 973 quoque
553 914 583 962 P.
594 914 683 962 Crassi
690 914 813 975 Mutiani,
821 917 889 963 clari

78 995 109 1029 ac
118 983 220 1041 inclyti
229 981 294 1042 viri,
304 982 511 1041 apposuerimus.
531 984 571 1029 lu.
583 983 610 1028 ls
620 984 730 1030 crassus
740 995 756 1029 a
767 983 890 1043 Sempro·

78 1050 125 1096 nio
136 1050 279 1096 Asellione
291 1052 317 1095 et
326 1050 460 1107 plerisque
470 1050 532 1096 aliis
540 1048 669 1096 historiae
679 1051 810 1097 Romanae
823 1050 889 1097 scri·

78 1117 202 1177 ptoribus
212 1116 327 1163 traditur
336 1116 449 1175 quinque
462 1117 586 1164 habuisse
594 1129 683 1165 rerum
697 1120 823 1165 bonarum
834 1128 889 1165 ma·

77 1186 155 1232 xima
163 1187 194 1230 et
203 1184 358 1243 praecipua;
369 1185 438 1241 quod
448 1187 519 1231 esset
529 1184 687 1243 ditissimus,
697 1185 766 1242 quod
775 1184 889 1232 nobilis-

77 1253 175 1309 simus,
185 1251 258 1309 quod
268 1251 511 1312 eloquentissimus,
522 1252 591 1310 quod
601 1251 889 1309 iurisconsultissimus,

77 1320 150 1379 quod
160 1319 288 1378 pontifex
308 1319 444 1366 maximus.
477 1321 518 1365 ll.
537 1322 564 1366 ls
575 1319 808 1367 euminconsulatu
821 1319 890 1366 obti-

77 1389 159 1433 neret
167 1387 260 1432 Asiam
270 1386 443 1447 provincism,
451 1388 483 1432 et
493 1386 677 1434 circumsidere
689 1398 889 1446 oppugnareque

77 1455 185 1501 Leucas
206 1449 353 1517 [oppidum]
366 1456 481 1514 pararet,
496 1467 614 1513 opusque
634 1456 704 1500 esset
721 1454 793 1500 firma
813 1457 889 1511 atque

77 1534 196 1582 procera
202 1522 286 1577 trabe,
296 1534 347 1578 qua
355 1521 464 1568 arietem
471 1523 577 1576 laceret,
586 1534 639 1579 quo
647 1528 735 1567 muros
746 1520 803 1568 eius
814 1520 890 1580 oppi-

80 1589 109 1635 di
119 1590 256 1648 quateret:
267 1587 373 1645 scripsit
387 1588 420 1634 sd
434 1588 588 1648 magistrum
597 1586 764 1650 ἀρχιτέκτονα
779 1588 890 1635 Elaten-

79 1655 152 1704 sium
157 1656 293 1702 sociorum
302 1655 493 1714 amicorumque
503 1655 595 1715 populi
605 1655 722 1713 Romani,
731 1656 761 1702 nt
771 1653 890 1703 exuralis

79 1722 201 1779 duobus,
212 1736 278 1779 quos
294 1723 363 1780 apud
373 1736 419 1769 eos
434 1722 559 1782 vidisset,
574 1725 633 1769 uter
645 1723 730 1769 maior
745 1725 820 1786 esset,
831 1735 890 1768 eum

77 1791 238 1838 mittendum
248 1793 361 1835 curaret.
384 1791 423 1836 12.
438 1791 503 1836 Tum
511 1790 636 1848 magister
645 1783 807 1853 ἀρχιτέκτων,
820 1802 891 1836 com·

80 1860 171 1918 petto,
189 1856 356 1914 quamobrem
369 1857 466 1903 malum
481 1857 657 1913 desideraret,
671 1869 738 1913 non,
747 1855 788 1902 uti
803 1856 890 1902 iussus

82 1927 154 1980 erat,
170 1923 311 1982 maiorem,
330 1924 389 1981 sed,
407 1936 482 1981 quem
498 1937 557 1969 esse
571 1924 654 1982 magis
671 1924 795 1969 idoneum
804 1922 890 1981 aptio-

82 2005 193 2048 remque
210 1990 333 2037 iaciendo
348 1991 441 2050 arieti,
460 1991 658 2048 facilioremque
673 1992 779 2049 portatu
794 1989 890 2036 existi·

82 2060 185 2116 nabat,
198 2058 329 2105 minorem
339 2058 420 2104 misit.
448 2059 489 2105 la.
507 2060 616 2106 Crassus
627 2072 686 2105 ensa
696 2056 784 2104 vocari
794 2056 889 2116 iussit3

83 2129 111 2173 et
122 2134 184 2172 cusa
192 2123 396 2184 interrogasset,
407 2139 531 2180 carison,
541 2140 618 2183 quens
631 2126 757 2183 iusserat,
765 2124 890 2180 suismet,

82 2192 173 2240 causis
183 2192 381 2250 rationibusque
391 2206 454 2250 quas
465 2193 602 2239 dictitabat
612 2192 724 2251 spretis,
735 2192 891 2239 vestimenta

82 2258 188 2305 detrahi
204 2258 355 2317 imperavit,
371 2260 504 2318 virgisque
513 2259 625 2306 maltum
634 2260 743 2318 cecidit,
760 2255 891 2315 corrumpi

82 2329 164 2383 atque
177 2325 290 2372 dissolvi
300 2326 412 2374 officium
421 2340 497 2373 omne
507 2327 659 2384 imperantis
666 2329 749 2388 ratus,
759 2324 846 2383 'siquis
856 2324 890 2369 ad

81 2392 204 2452 id,quod
211 2393 298 2439 lacere
305 2393 392 2442 iussus
399 2397 452 2454 est,
461 2394 648 2452 nonohsequio
660 2394 747 2442 debito
753 2422 763 2455 ‚
773 2392 820 2441 sed
827 2402 890 2439 eun·

80 2459 146 2509 silio
156 2470 212 2508 non
222 2459 370 2509 desiderato
380 2461 547 2521 respondeat.
