2067 3034
325 181 404 228 lilla
427 178 507 227 xvi.
544 180 675 227 (ΞΛΜ.
850 178 902 229 35Ί

100 301 193 360 eedet5
219 300 266 347 sed
283 301 308 346 si
327 312 378 359 quo
393 312 446 358 per
459 299 620 357 voluptatem
641 298 760 358 nequiter
767 298 900 359 feceritis,

100 369 224 427 voluptas
238 369 290 414 cito
307 367 403 423 abibit,
424 368 545 428 nequiter
556 366 663 430 saetam
682 365 747 413 ettad
766 366 839 424 apeed
855 379 901 412 eos

99 449 200 496 semper
211 435 332 481 inaudit-
454 459 457 468 ι

368 508 391 560 (i
409 507 431 558 n
447 507 470 559 P
489 508 513 558 U
532 507 558 557 T
591 507 624 560 ll

43 579 46 582 ’
129 575 234 620 Cuimodi
244 575 277 619 sit
287 576 327 618 'les
342 579 406 630 apud
419 574 551 618 dialecticos
561 572 718 631 percontandi
732 572 901 631 disserendique,

94 665 98 672 .
153 638 177 676 et
185 646 242 689 quae
250 632 282 676 sit
291 631 336 674 eius
346 630 402 687 legis
411 630 561 689 reprehensio.

134 708 156 751 l.
166 707 259 764 Legem
269 721 325 754 esse
338 706 410 752 aiunt
420 706 574 766 disciplinae
584 706 747 762 dialecticae,
761 705 783 751 si
795 705 827 751 de
836 719 900 762 quae

100 773 168 832 piam
177 787 206 819 rc
218 777 356 830 quaeratur
367 773 572 831 disputeturque,
590 777 667 832 atque
678 774 714 820 ibi
725 773 786 831 quid
797 786 899 831 rogere,

100 844 128 885 ut
136 841 306 899 respondeas:
325 844 391 899 tum,
409 853 442 886 ne
452 840 562 899 amplius
572 840 632 898 quid
642 841 720 900 dicas,
735 852 809 897 quam
819 840 843 885 id
855 852 900 885 so·

99 909 163 964 lum,
173 907 242 964 quod
252 920 280 953 es
289 910 404 966 rogatus.
415 909 459 952 aut
469 908 533 967 aias,
544 903 589 952 ant
598 920 688 966 neges,
700 921 805 964 eamque
815 908 900 965 legem

100 974 206 1032 quinon
218 978 330 1034 servent,
342 977 368 1020 et
378 978 424 1020 aut
433 974 501 1035 plus,
512 976 559 1020 aut
567 974 655 1030 aliter,
666 987 741 1031 quam
754 977 815 1020 sunt
823 987 905 1032 rogas

100 1043 130 1102 ti,
140 1042 323 1100 respondeant,
334 1040 517 1088 existimantur
525 1041 601 1088 rudes
611 1041 760 1098 indoctique
770 1044 836 1098 esse,
845 1040 898 1088 dis·

101 1110 260 1169 potandique
273 1122 371 1155 morem
386 1111 463 1166 atque
478 1108 607 1156 rationem
616 1121 669 1156 uon
679 1111 776 1155 tenere.
808 1110 834 1153 2.
844 1108 900 1155 Hoc

101 1176 216 1236 quidem,
236 1175 304 1235 quod
315 1176 414 1235 dieunt,
435 1175 463 1221 iu
471 1176 604 1234 plerisque
612 1174 829 1234 disputationibus
839 1189 901 1233 pro-

102 1244 146 1291 cul
156 1244 233 1290 dnbio
242 1244 297 1291 fieri
309 1244 422 1302 oportet.
458 1244 482 1290 3.
499 1242 653 1292 Indefinitus
666 1256 775 1302 namque
785 1243 901 1301 inexpli-

102 1311 244 1369 cabilisque
257 1324 342 1357 sermo
357 1312 408 1370 liet,
426 1309 479 1358 uisi
493 1308 740 1367 interrogationibus
750 1309 901 1369 responsio-

94 1378 226 1435 nibusque
236 1377 395 1436 simplicibus
406 1376 485 1424 fuerit
495 1376 689 1426 determinatus.
723 1378 748 1423 4.
766 1378 816 1423 Sed
832 1377 901 1424 enirn

102 1458 159 1493 esse
174 1446 298 1504 quaedam
312 1443 443 1502 ridentur,
463 1444 595 1501 inquibus
610 1443 633 1491 si
642 1443 769 1499 breviter,
787 1444 901 1497 etadiel,

101 1514 170 1573 quod
183 1515 291 1571 rogatus
303 1511 400 1571 tueris,
419 1511 592 1569 respondeas,
612 1509 724 1569 capiare.
759 1514 783 1557 d.
801 1513 867 1560 Nam
876 1511 901 1556 si

100 1580 159 1641 quis
174 1579 214 1625 his
229 1579 314 1626 verbis
324 1578 482 1637 interroget:
500 1577 609 1625 Postulo
620 1577 659 1624 uti
668 1578 839 1637 respondeas,
857 1579 902 1628 da-

100 1647 310 1707 sierirnefucere
320 1646 485 1704 adulterium,
500 1660 537 1693 oss
547 1640 617 1692 noa?
641 1649 827 1704 utrumcunque
843 1645 900 1690 dia-

101 1713 196 1760 lectiea
205 1713 265 1772 lege
273 1713 448 1771 responderis,
462 1713 518 1759 sive
529 1711 594 1768 aias,
610 1712 666 1759 sive
675 1726 763 1771 neges,
781 1712 898 1759 haerebis

98 1782 129 1829 in
140 1780 267 1840 captione,
284 1785 402 1837 tanquam
413 1780 435 1826 si
445 1783 470 1827 te
480 1780 550 1827 dicas
561 1779 705 1828 adulterum
711 1810 720 1834 ,
734 1793 810 1838 quam
820 1779 844 1825 si
853 1792 900 1825 ne-

98 1862 154 1907 ges.
189 1850 214 1893 o.
227 1848 278 1898 Sed
288 1848 355 1905 quod
365 1847 449 1894 minus
458 1851 497 1895 est
507 1848 535 1893 iu
544 1847 758 1906 interrogatione,
767 1846 794 1892 id
804 1848 844 1892 est
854 1845 900 1904 ad·

99 1915 219 1962 dandum.
249 1918 314 1963 Nam
324 1914 368 1973 qui
378 1916 463 1961 facere
473 1914 571 1972 aliquid
580 1928 633 1960 non
643 1913 748 1973 desinit,
757 1926 810 1959 non
818 1912 844 1959 id
853 1926 899 1960 ne,-

99 1983 213 2032 cessario
224 1983 302 2030 etiam
313 1982 390 2038 lecit,
409 1984 424 2027 i
441 1982 508 2028 falsa
517 1982 598 2040 igitur
608 1983 648 2029 est
658 1981 758 2042 species
768 1980 845 2026 istius
855 1992 899 2024 ca.

5 2071 7 2078 ·
98 2049 208 2109 ptionis:
229 2057 255 2097 et
265 2062 423 2108 nequaquam
433 2048 572 2107 procedere
583 2049 613 2095 ad
624 2049 650 2095 id
660 2051 753 2108 potest,
767 2049 796 2094 ut
807 2046 900 2105 colligi

5 2123 6 2164 ἱ
99 2116 272 2174 concludique
282 2117 374 2174 possit,
389 2129 446 2165 eum
455 2117 541 2163 iacere
551 2115 714 2176 adulterium,
725 2113 768 2173 qui
779 2126 807 2160 se
817 2127 899 2172 nega-

98 2184 167 2230 verit
176 2186 262 2229 tacere
273 2182 380 2230 desisse.
414 2187 439 2230 8.
458 2183 526 2236 Quid
540 2186 625 2230 autem
639 2183 704 2243 legis
714 2182 790 2230 istius
800 2194 899 2241 propur

98 2255 222 2309 guatorcs
237 2250 265 2296 in
279 2249 329 2295 illa
341 2249 508 2307 captiuncula
517 2249 623 2305 facient,
641 2249 669 2297 in
677 2264 727 2309 qua
735 2251 841 2297 haerere
850 2260 898 2295 eos

5 2321 7 2380 ξ
98 2330 232 2365 necessum
246 2321 294 2371 est,
313 2315 335 2361 si
349 2316 417 2362 nibil
430 2315 551 2375 amplius,
570 2331 643 2374 quam
657 2319 726 2375 quod
741 2313 899 2375 interrogati

99 2388 187 2441 erunt,
205 2382 405 2443 responderintt
440 2386 464 2430 9.
482 2384 557 2441 Nam,
575 2384 599 2429 si
613 2383 651 2431 ita
663 2399 712 2444 ego
727 2384 835 2432 istorum
848 2381 900 2429 ali,

97 2466 175 2510 quem
189 2464 291 2510 rogem:
317 2449 446 2510 Qsidqrss‘d
458 2464 509 2496 non
520 2452 675 2511 perdidisti,
694 2452 839 2512 lateam,
862 2464 899 2497 ass

97 2515 279 2566 cantabunt
298 2517 403 2576 postulo
416 2518 445 2564 ut
459 2515 529 2573 aias,
547 2519 593 2563 aut
602 2531 696 2577 neges:
713 2521 899 2576 utrumcunque

99 2586 213 2633 breviter
222 2584 402 2645 responderit,
417 2585 542 2643 capietur.
578 2587 618 2633 lo.
635 2587 701 2633 Nam
710 2586 732 2632 si
741 2601 794 2634 uon
803 2587 900 2632 habere

99 2665 127 2699 se
138 2654 282 2716 negaverit,
297 2653 365 2712 quod
375 2664 427 2698 non
438 2651 561 2712 perdidit,
574 2653 731 2714 colligetur,
741 2654 831 2702 oeulos
842 2665 899 2699 euru
957 2693 960 2700 .

99 2734 154 2769 non
166 2720 274 2784 habere,
292 2731 356 2781 quos
369 2734 423 2771 nou
432 2715 554 2782 perdidit.
589 2722 637 2769 Sin
646 2735 709 2769 rere
719 2722 814 2771 babere
824 2733 851 2766 se
861 2718 900 2764 die
