2067 3034
350 127 424 172 urn.
442 126 475 171 v.
509 107 587 173 cnr.
608 129 643 172 4.,
842 124 893 174 125

89 243 209 300 missum,
228 243 398 301 vecturasque
412 256 520 291 onerum
535 257 644 302 corpore
659 256 706 289 suo
722 243 891 292 factitavisse.

90 312 114 355 2.
127 311 204 364 Quod
214 324 298 368 genus
309 311 402 357 Graeci
412 306 583 373 ἀχθοφόρους
592 314 699 369 vocant3
713 312 806 357 Latine
820 312 893 358 baiu-

4 381 12 400 '
90 377 132 423 ios
143 378 316 435 appellamus.
349 380 375 425 3.
391 380 417 424 la
429 379 460 424 de
469 379 591 436 proximo
601 391 662 424 rure
673 378 700 423 iu
709 379 836 425 Abderam
847 394 894 436 op-

90 443 188 503 pidum,
200 444 272 490 euius
283 445 417 503 popularis
432 445 495 505 fuit,
511 445 630 493 caudices
641 445 707 503 ligni
718 445 845 503 plurimos
856 448 894 491 iu·

90 511 182 557 niculo
193 512 266 557 hrcvi
276 512 446 558 circumdatos
456 516 585 571 portahat.
611 515 636 558 4.
648 514 714 558 Turn
723 513 792 558 torte
802 514 897 559 Demo·

91 578 190 635 oritus,
210 578 324 625 ciuitatis
335 579 451 625 ciusdem
461 579 535 636 ciris,
553 580 630 626 homo
641 583 701 627 autc
712 580 780 625 alios
790 578 896 625 virtutis

89 647 118 689 et
127 644 311 704 philosophiae
321 645 406 705 gratia
416 648 586 707 venerandus,
601 660 659 693 cum
668 647 836 705 egrederetur
846 660 897 693 ex-

90 715 133 758 tra
141 712 240 772 urbem,
255 712 328 758 videt
338 727 410 766 eum,
424 727 482 760 cum
492 715 540 761 illo
551 728 646 773 genere
656 714 744 762 oneris
753 717 805 760 tam
816 714 896 772 impe-

94 779 149 825 dito
159 792 190 824 ac
205 784 257 825 tam
267 779 405 827 incohibili
415 781 493 828 facile
503 774 578 839 atque
588 782 711 839 expedite
722 781 895 827 incedentem:
918 801 925 812 ·

91 851 118 892 ct
129 859 211 904 prope
221 847 334 908 accedit,
351 851 378 894 et
387 848 530 896 iuncturam
542 849 733 908 posituramque
743 848 819 906 ligni,
829 849 894 893 scite

90 914 226 972 periteque
237 915 340 972 tactam,
352 914 511 972 considerat,
525 917 649 974 petitque,
662 919 692 960 ut
708 915 840 973 paululum
852 928 895 962 ac-

90 980 216 1037 quiescat.
253 984 277 1026 5.
298 982 373 1034 Quod
383 982 426 1028 ubi
436 983 603 1041 Protagoras,
613 982 653 1028 uti
663 986 719 1028 erat
727 981 844 1039 petitum,
857 984 897 1027 ie-

92 1048 139 1104 rit3
159 1052 235 1103 atque
245 1048 335 1094 itidem
346 1049 509 1109 Democritus
520 1062 639 1097 acervum
648 1050 724 1094 illum
734 1050 761 1094 et
770 1049 842 1105 quasi
854 1062 897 1094 or-

92 1116 148 1160 bem
165 1115 313 1171 caudicum,
331 1116 405 1162 brevi
421 1116 528 1163 vinculo
547 1117 770 1175 comprehensum,
794 1115 897 1161 ratione

93 1182 202 1237 quadarn
216 1183 288 1239 quasi
304 1182 459 1241 geometrica
475 1182 568 1230 librari
586 1183 764 1239 continerique
781 1181 897 1227 animod-

92 1249 186 1305 vertit3
204 1248 387 1317 interrogauit,
397 1250 455 1308 quis
465 1251 492 1296 id
502 1252 600 1308 lignum
611 1251 647 1296 ita
657 1248 856 1314 composuisset:
871 1251 897 1295 et

93 1330 151 1361 cum
161 1315 208 1362 ille
219 1330 234 1362 a
244 1329 273 1361 se
284 1316 455 1375 compositum
465 1318 588 1376 dixisset,
605 1317 775 1372 desideravit,
793 1316 832 1363 uti
842 1317 896 1363 sol·
957 1329 965 1340 ·

93 1385 181 1444 seret,
202 1396 232 1428 ac
248 1384 331 1429 denuo
346 1384 374 1429 in
387 1386 489 1431 modum
505 1384 613 1430 eundem
633 1385 784 1431 collocaret.
798 1403 803 1410 ·
821 1388 843 1429 6.
863 1385 896 1428 At

93 1453 229 1508 postquam
238 1449 286 1495 ille
302 1449 382 1497 solvit
392 1464 421 1496 ae
432 1451 555 1497 similiter
565 1452 720 1510 composuit:
740 1453 791 1496 tum
802 1451 896 1496 Demo-

4 1517 14 1540 ’
93 1518 184 1573 tritus,
200 1516 279 1562 animi
290 1518 371 1563 aciem
381 1517 578 1575 sollertiamque
587 1518 699 1564 hominis
710 1531 760 1562 non
772 1518 840 1563 docti
851 1518 896 1563 de-

91 1584 215 1630 miratus:
233 1584 444 1648 Macedonem,
465 1585 565 1643 inquit,
583 1600 639 1632 eccm
649 1588 774 1644 ingenium
786 1585 896 1647 benefa-

93 1652 178 1697 ciendi
187 1650 294 1707 habeas,
305 1658 365 1698 ssent
373 1655 477 1699 rnaiorrs
485 1654 653 1712 melioraque,
664 1653 832 1713 quaefacrre
843 1666 896 1697 nze-

92 1719 261 1778 compresis:
280 1718 439 1777 abduxitque
453 1733 511 1765 eum
526 1720 625 1778 statim,
646 1732 781 1776 secumque
796 1719 895 1772 habuit,

94 1789 119 1831 et
129 1787 241 1832 sumtum
255 1784 427 1844 ministrarit,
446 1789 472 1833 et
484 1786 664 1845 philosophias
678 1787 778 1844 docuit,
798 1789 825 1830 et
838 1798 894 1831 esse

93 1866 152 1899 eum
162 1851 234 1906 iecit,
245 1854 355 1909 quantus
365 1855 456 1911 postea
466 1853 525 1899 tuit.
559 1857 583 1899 7.
602 1856 626 1900 ls
641 1856 726 1899 tamen
740 1854 893 1909 Protagoras

94 1920 242 1966 insincerus
251 1919 354 1975 quidem
365 1920 545 1979 philosophos,
562 1920 607 1966 sed
616 1920 755 1967 acerrimus
766 1919 893 1977 sophista«

93 2001 148 2033 rum
168 1987 231 2043 iuit3
251 1988 386 2044 pecuniam
402 1988 494 2046 quippe
513 1988 643 2045 ingentem
663 2001 718 2033 cum
732 2001 747 2032 a
761 1986 893 2044 discipulis

94 2055 225 2112 acciperet
234 2065 340 2099 annuam
344 2054 529 2113 ,pollicebatur
537 2068 566 2100 se
576 2054 603 2100 id
613 2056 713 2110 docere,
720 2066 828 2111 quanam
838 2066 890 2099 vcr-

93 2124 186 2167 horum
206 2119 337 2166 industria
354 2134 433 2168 causa
447 2120 573 2167 infirmior
585 2121 659 2167 lieret
675 2120 778 2166 fortior.
813 2121 892 2174 Quam

92 2202 148 2234 rem
161 2189 259 2234 Graece
274 2187 313 2233 ita
328 2188 441 2234 dicebat:
459 2181 505 2233 τὸν
518 2180 587 2246 ἥττω
599 2183 678 2249 λόγον
688 2186 793 2251 κρείττω
806 2189 893 2235 ποιεῖν.

362 2307 547 2361 CAPUT
581 2307 633 2359 IV.

122 2393 157 2437 De
165 2391 235 2436 verso
246 2390 430 2442 directuicesc'mm
449 2394 512 2447 queri
519 2392 587 2445 oselgo
598 2391 741 2446 incognitum
751 2398 795 2441 est.
816 2406 831 2432 a
839 2390 895 2435 ciris

90 2468 95 2472 ·
105 2459 108 2464 ’
150 2448 224 2493 dects's
233 2446 391 2503 multifariam
400 2447 426 2490 s'n
436 2445 498 2490 lthn’s
507 2446 619 2501 scriptam
627 2455 666 2491 est.

128 2526 153 2570 1.
171 2524 246 2582 Apud
259 2521 396 2582 Sigillaria
407 2524 474 2569 forte
485 2522 511 2567 in
522 2522 630 2569 libraria
640 2538 688 2583 ego
699 2526 727 2571 et
736 2522 818 2569 lulius
828 2523 885 2569 Pau

91 2593 134 2638 lus
144 2594 231 2652 poeta,
251 2589 293 2636 vir
305 2589 429 2636 memoria
442 2592 531 2635 nostra
545 2591 721 2650 doctissimus,
743 2589 895 2636 consedere«

90 2672 162 2706 mus:
181 2662 261 2714 atque
275 2657 313 2704 ihi
327 2657 442 2716 expositi
453 2659 528 2704 erant
536 2658 611 2705 Fabii
624 2658 744 2719 annales,
763 2659 846 2702 honac
857 2658 894 2699 at-
