2067 3034
161 154 219 207 310
377 192 380 197 -
416 154 528 204 AULI
562 153 724 204 onnon

163 278 228 336 Ipse
237 275 341 323 interea
351 274 447 323 milites
456 274 582 332 seribere,
591 288 642 323 non
651 289 723 322 more
732 274 872 334 maior-son,
887 288 937 321 aee
945 289 975 322 ea

161 346 298 405 elassibus,
308 343 355 390 sed
363 349 391 390 ut
401 342 489 389 tutatto
499 345 625 404 wiusqae
634 349 705 403 erat,
720 347 905 403 eapiteaemos
918 342 979 403 pie.

161 426 266 474 rosque.
300 410 443 474 idfaetma
454 411 510 457 'otii
517 412 610 469 inopia
620 412 758 470 bonoram,
773 411 827 458 aiii
832 423 886 468 per
894 412 978 457 ont&-

162 482 257 527 tionem
266 479 378 526 consolis
387 477 576 536 memorabant,
585 479 656 538 qood
663 478 697 524 ot
707 493 736 524 eo
745 491 841 538 genere
853 479 977 525 celebra-

162 555 206 596 tas
226 554 368 605 auctusque
393 551 476 592 erote
504 551 531 590 et
547 544 646 591 homini
664 547 814 605 potentium
833 549 977 607 quaerenti

162 613 710 677 egentissimosqutsqmopportuaisaimas.

396 692 706 760 ‘connixi

190 760 304 813 Historia,
315 775 344 804 en
353 759 468 804 Herodoti
476 760 539 804 tibris
548 767 633 813 osemta,
644 763 671 805 cio
679 759 810 828 Psyllonon
818 758 929 814 interitu,
941 762 980 822 qai

219 818 244 862 in
254 817 362 876 Syrtibus
370 815 492 874 Africanis
500 818 615 860 solebant.

198 880 224 925 1.
243 880 312 926 Gens
327 878 356 924 in
367 878 445 924 italia
454 878 601 924 Marsorum
615 879 676 924 orta
689 877 774 924 fertur
788 890 846 925 esse
858 892 874 925 a
886 879 977 927 Circes

163 946 219 995 tilio
238 948 345 993 Marso:
380 948 405 992 2.
425 948 566 1005 propterea
575 945 671 991 Marsis
685 943 841 1005 bominibus,
865 960 978 1004 quorum

165 1015 300 1063 dumtaxat
314 1012 430 1060 familiae
446 1025 504 1060 oum
517 1011 636 1059 externis
649 1012 849 1071 cognationibus
860 1016 978 1063 nondum

165 1082 244 1131 etiam
254 1080 399 1142 permixtae
410 1081 598 1139 corruptaeque
608 1082 682 1137 sunt,
702 1079 729 1126 ri
740 1079 848 1138 quadam
863 1083 978 1140 genitali

165 1152 254 1198 iatum
273 1149 327 1203 est,
345 1151 375 1193 ut
394 1149 422 1193 et
441 1147 601 1206 serpentium
619 1146 811 1194 virulentorum
831 1149 976 1198 domitores

166 1218 233 1276 sint,
253 1218 281 1262 et
289 1213 510 1261 incantationibus
519 1214 706 1272 herbarumque
717 1215 802 1273 sueeis
813 1216 914 1263 iaciant
923 1234 978 1267 me-

166 1286 284 1332 delarum
295 1280 430 1330 miracula.
449 1283 472 1327 o.
483 1282 539 1338 liae
548 1282 638 1327 eaiem
648 1282 676 1328 vi
685 1282 819 1341 praeditos
829 1297 887 1330 esse
897 1299 978 1342 quos-

167 1354 225 1400 dam
234 1351 365 1406 uidemus,
386 1348 431 1407 qui
441 1347 527 1407 Psylli
536 1352 676 1396 uocantur:
696 1363 806 1407 quorum
816 1351 925 1398 noniine
935 1368 977 1400 su-

165 1434 213 1480 per
229 1423 257 1465 et
274 1431 370 1477 genere
389 1430 446 1463 eum
464 1415 494 1462 iu
512 1416 643 1463 veteribus
657 1416 744 1463 literis
759 1420 929 1476 quaesissem.
950 1422 976 1467 in

166 1490 259 1546 quarto
275 1485 387 1543 denique
402 1483 528 1531 Herodoti
543 1485 609 1530 libro
627 1483 741 1531 tabulam
754 1484 821 1532 hanc
835 1475 868 1533 ie
879 1488 974 1547 Psyllis

165 1553 321 1601 invenimus.
355 1554 381 1597 4.
398 1552 504 1611 Psyllos
518 1552 646 1609 quondam
659 1551 743 1601 tuisse
755 1552 783 1598 in
798 1558 872 1601 terra
884 1556 974 1602 Africa

166 1620 342 1668 conterminos
359 1619 564 1667 Nasamonibus:
586 1620 760 1679 Austrumque
775 1620 803 1666 in
819 1622 915 1669 finibus
931 1637 976 1670 eo-

165 1703 224 1740 rum
237 1688 348 1746 quodam
363 1686 521 1746 intempore
536 1700 658 1746 perquam
672 1688 789 1734 validum
803 1703 834 1736 ae
844 1689 974 1737 diutinum

165 1756 282 1804 flavisse:
292 1755 417 1802 &conato
427 1766 518 1812 aquam
528 1767 628 1800 omnem
638 1753 665 1800 in
676 1754 753 1813 loeis,
763 1755 894 1814 inquibus
905 1759 975 1804 oote-

165 1828 237 1884 bant,
247 1824 395 1871 exaruisse:
423 1826 447 1869 6.
457 1823 562 1882 Psyllos
572 1835 601 1867 re
611 1822 719 1879 aquaria
730 1823 856 1884 deiectos,
868 1841 925 1874 eam
936 1825 975 1874 in-

164 1892 260 1940 iuriam
270 1891 385 1951 graviter
393 1890 490 1937 Austro
500 1890 689 1948 succensuisse,
701 1890 884 1952 decretumque
896 1895 976 1942 fecis-

166 1974 208 2016 se,
228 1959 267 2007 uti
282 1958 362 2007 armis
379 1958 469 2004 sumtis
484 1958 517 2004 ai
527 1960 660 2017 Austrum,
678 1959 788 2015 proinde
798 1962 875 2020 qnasi
886 1963 920 2008 ad
930 1963 976 2009 bo·

166 2030 240 2087 stem,
249 2027 308 2074 iure
317 2024 381 2072 beili
391 2037 434 2071 res
444 2024 585 2084 repetitum
595 2025 835 2084 proficiscerentur:
859 2031 885 2076 ¹1.
897 2035 975 2088 atque

165 2096 204 2142 ita
214 2094 341 2155 proiectis
351 2096 454 2140 ventum
462 2095 585 2139 Austrum
595 2105 688 2152 magno
699 2091 807 2153 spiritus
817 2097 921 2155 agmine
931 2111 976 2144 ve·

165 2162 237 2210 nisae
247 2161 362 2216 obviam
378 2173 474 2219 eosque
483 2159 631 2220 universos,
640 2174 697 2207 eum
707 2162 827 2211 omnibus
837 2165 924 2224 copiis
934 2178 975 2211 ar-

166 2230 279 2288 misque,
311 2226 420 2274 tumulis
437 2227 620 2285 montibusque
637 2227 789 2276 harenarum
810 2232 975 2291 superiectis,

149 2341 153 2348 ,
167 2296 317 2354 operuisse:
337 2299 399 2340 8.eo
410 2295 480 2342 iaetu
490 2296 594 2354 Psyllos
605 2295 638 2341 ad
648 2310 728 2342 unum
738 2311 828 2345 omnes
838 2299 975 2348 interisse:

167 2362 255 2420 itaque
265 2375 355 2408 eorum
365 2362 429 2409 tineo
440 2376 456 2409 a
466 2362 657 2410 Nasamonibus
669 2368 817 2425 occupatos.

420 2462 441 2512 0
456 2462 480 2513 Α
497 2462 518 2513 Ρ
537 2463 561 2514 U
579 2464 605 2514 'l'
641 2462 712 2515 xii.

196 2525 231 2571 De
239 2523 267 2567 iis
276 2525 400 2591 potabatis,
414 2542 470 2593 quoe
482 2527 586 2594 Gtoatim
600 2530 669 2574 Verus
678 2532 786 2577 autentis
796 2542 925 2591 commocio,
936 2546 978 2583 aut

166 2613 172 2628 .
222 2594 291 2691 :2:3¹⁸
305 2581 401 2624 absurde
408 2589 432 2625 et
440 2585 532 2640 ettepsde
541 2589 575 2629 art
583 2585 683 2642 origines
695 2588 790 2644 anonae
807 2590 914 2637 &aecae
924 2598 974 2643 red.

202 2696 226 2743 1.
245 2694 362 2742 cloatius
371 2695 455 2744 Verus
465 2696 594 2768 inlibris,
611 2715 677 2760 quos
685 2702 821 2771 insumpsit
830 2708 976 2757 verborum
