2067 3034
333 129 407 179 ΗΒ.
424 129 494 177 Xll.
530 131 611 176 CAP.
631 134 671 178 ll.
853 134 905 192 218

99 260 157 294 run
168 247 204 294 sit
212 247 312 296 taeenti
322 247 441 312 novitate
450 249 551 303 ictum,
566 248 678 296 alterum
686 248 793 308 antiqua
801 251 904 312 origine

99 315 288 373 incorruptum.
323 321 348 363 l.
365 316 456 362 Livius
467 330 569 374 quoque
590 316 736 375 mopinot,
751 316 903 366 iul’rotesi-

4 401 5 414 ¹
98 381 231 429 laodamia
240 383 581 444 elaustritumassdixit‚qui
591 384 714 432 claustris
724 382 817 431 ianuae
827 400 902 444 proe-

100 452 186 507 esset;
206 451 296 496 eadem
309 450 412 497 scilicet
426 452 520 512 ligura,
539 463 590 509 qua
604 452 761 497 aeditumum
772 451 822 498 diei
833 451 906 499 vitle-

98 518 152 573 bat,
162 516 207 575 qui
218 518 325 564 aedibus
336 521 446 575 praeest.
479 521 504 564 o.
519 519 551 563 ln
560 518 669 564 Verrem
677 520 714 565 Μ.
726 517 811 563 Tullii
821 519 850 563 in
859 533 907 566 ex·

98 583 259 642 emplaribus
278 584 435 632 fidelissimis
455 584 492 630 lta
510 584 601 631 inveni
619 586 758 643 seriptum:
778 584 908 632 Aeditanti

98 650 271 711 custodesque
280 659 385 700 mutare
394 655 525 714 sentiant5
543 651 662 702 inlibris
677 656 763 702 autom
776 652 904 714 vulgariis

83 723 85 728 '
99 717 202 766 aeditui
210 717 334 777 scriptum
345 721 393 765 est.
419 721 444 766 ¹1.
461 720 601 777 Pomponii
611 719 700 766 fabula
710 719 844 766 Attollaua
856 724 904 774 est,

99 798 166 842 quae
177 785 213 830 ita
222 784 347 844 iuscripta
358 790 410 833 est:
428 784 586 846 deditarum,
597 786 626 832 in
638 800 688 843 qua
697 786 739 832 hio
751 799 840 844 versus
852 792 904 834 est:

136 853 189 909 Qun·
199 859 338 913 postquam
353 854 403 900 stoi
416 867 536 914 appareo
552 861 632 914 utque
646 854 830 901 aeditumorin
840 860 904 901 tem·

509 923 557 981 plo
567 926 620 967 tao.

99 972 124 1032 ε’.
143 986 218 1031 Titus
233 988 315 1033 autern
326 987 463 1033 Lueretius
478 986 506 1034 in
521 987 633 1034 earmine
643 999 705 1041 suo,
721 1000 769 1045 pro
781 986 903 1049 aedituos,

98 1055 262 1099 aedituentes
272 1055 400 1113 appellat:

136 1115 182 1183 {-
191 1143 225 1153 ·-
236 1121 406 1181 Onerotoqae
412 1123 514 1181 passim

136 1192 237 1235 vanata
246 1188 563 1238 eudarers'dmoelestum
575 1188 671 1248 templa
680 1188 835 1244 ›uouebant5

133 1255 288 1314 Hospitibus
299 1258 367 1315 locu,
378 1271 445 1317 qaue
455 1258 616 1317 eosnplerant
626 1252 809 1319 aedituum-1

364 1386 551 1439 CAPUT
585 1385 639 1438 XI.

127 1469 215 1514 Errare
224 1468 291 1522 totos.
312 1470 351 1528 qui
359 1484 398 1528 sps
407 1469 528 1528 etfidueiu
538 1470 626 1516 latendi
631 1478 737 1528 peccent,
753 1483 804 1514 eam
813 1470 904 1514 latebra

151 1526 246 1584 peccati
254 1535 369 1584 perpetua
382 1529 446 1570 nullo
460 1529 504 1572 sit:
524 1534 548 1571 et
555 1541 621 1583 saper
631 1543 658 1570 eu
667 1541 690 1570 re
699 1527 818 1582 Peregrini
822 1527 902 1583 philo·

154 1582 223 1640 sophi
230 1596 302 1627 sermo
313 1597 342 1630 ea
350 1582 472 1639 Sophoclis
477 1587 566 1640 poetae
574 1584 694 1627 sententia.

134 1675 158 1720 1.
177 1672 364 1732 Philosophum
376 1674 482 1722 nomine
497 1674 676 1734 Peregrinum,
697 1674 738 1723 eui
751 1676 845 1734 postea
855 1686 901 1722 eo·

97 1745 268 1801 momentum
286 1742 396 1788 Proteus
416 1743 511 1790 lactum
531 1745 581 1797 est,
600 1742 684 1789 virum
702 1755 806 1802 gravem
825 1742 901 1797 atque

76 1850 80 1854 .
97 1810 261 1856 constantem
271 1807 392 1865 vidimus,
403 1823 459 1856 cum
469 1807 578 1857 Athenis
589 1821 713 1866 essemus,
727 1809 902 1855 diversantem

96 1875 127 1923 in
141 1874 252 1933 quodam
267 1875 371 1934 tugurio
387 1879 463 1926 extra
476 1878 576 1924 urbem·
610 1876 721 1934 cumque
737 1871 839 1921 adeum
849 1875 901 1919 fro-

95 1945 208 2000 queuter
218 1941 417 2001 ventitaremus,
435 1944 518 1994 multa
531 1942 619 1993 hercle
632 1941 718 1990 dicere
731 1955 789 1988 eum
799 1939 902 1987 utiliter

96 2014 123 2058 et
133 2010 243 2056 honeste
254 2008 412 2071 audivimus3
433 2010 563 2069 inquibus
573 2009 601 2058 in
611 2008 669 2066 luit,
686 2008 754 2066 quod
766 2005 900 2066 praecipu-

97 2090 139 2126 um
152 2075 241 2124 auditu
251 2076 421 2126 meminimus.
444 2082 468 2125 2.
484 2076 575 2124 Virum
586 2076 688 2135 quidem
696 2074 838 2133 sapientem
847 2086 899 2120 non

96 2148 262 2203 peecatorum
274 2156 331 2192 esse
342 2144 451 2205 dicebat,
462 2144 564 2191 etiamsi
575 2156 695 2203 peccasse
706 2156 764 2190 eum
776 2140 811 2188 dii
822 2144 900 2198 atque

95 2211 214 2260 homines
233 2210 379 2269 ignoraturi
397 2212 492 2259 forent.
529 2213 552 2257 3.
569 2212 629 2260 Nou
647 2210 717 2257 enim
736 2221 835 2268 poenae
854 2210 901 2253 aut

96 2277 221 2326 infamiae
233 2281 304 2324 metu
318 2291 371 2326 non
384 2291 440 2325 esse
455 2278 609 2338 peccandum
624 2277 757 2336 censebat,
777 2275 822 2323 sed
836 2274 900 2321 iusti

95 2344 252 2403 honestique
261 2345 347 2392 studio
360 2347 385 2392 et
395 2345 489 2393 ollioio.
522 2349 546 2391 4.
562 2346 591 2392 si
601 2345 645 2404 qui
655 2348 740 2394 tamen
750 2356 803 2389 nou
813 2342 901 2390 essent

94 2412 145 2459 tali
160 2412 205 2458 sel
219 2412 324 2470 ingenio
339 2413 383 2459 vel
393 2412 532 2473 disciplina
541 2412 669 2471 praediti,
688 2410 727 2458 uti
737 2422 765 2457 se
775 2409 801 2456 vi
811 2422 858 2455 sua
868 2421 898 2456 ae

94 2479 190 2537 sponte
202 2478 279 2526 tacite
294 2481 448 2540 apoeoando
460 2483 592 2542 tenerent,
612 2494 658 2527 eos
668 2491 756 2528 omnes
767 2478 829 2525 tane
838 2489 899 2535 pee-

95 2546 312 2606 earo‘proelirius
326 2547 503 2607 existimabat,
524 2561 581 2593 oum
594 2547 676 2594 latere
687 2558 763 2605 posse
772 2538 799 2590 id
808 2554 899 2604 perca·

94 2617 150 2659 tum
160 2616 292 2671 putarent,
313 2615 540 2674 impunitatemque
555 2628 590 2663 ex
604 2627 635 2662 ea
644 2615 745 2662 latebra
754 2612 897 2671 sperarent.

97 2682 122 2727 5.
132 2679 326 2795 effigiant,
345 2682 440 2743 inquit,
459 2683 590 2747 homines,
610 2680 899 2797 nihilsomniumrerum
