2067 3034
192 107 226 158 32
442 109 523 154 ΗΒ.
543 108 565 152 1.
600 105 689 154 cAP.
708 106 750 155 2²·

193 228 264 275 nerit
274 226 301 274 in
311 226 390 285 libre,
400 223 445 284 qui
454 225 538 271 fuerat
548 236 582 270 ex
593 223 669 271 demo
678 226 756 282 atque
765 222 866 273 tamilla
876 222 999 283 Virgilii:

388 304 393 312 ’
594 297 665 336 —et
673 305 723 337 ora

265 363 365 408 Tristia
375 364 522 406 tentantem
531 370 607 405 seusu
617 359 746 423 torququ‘t
756 372 873 407 amaror.

195 432 220 476 3.
237 430 327 486 Neque
338 428 362 471 id
374 425 426 471 seli
434 425 547 483 Higine,
560 424 607 470 sed
617 424 698 471 doctis
709 426 857 482 quibusdam
868 426 946 474 etiam
956 424 997 469 vi·

194 495 233 544 ris
249 492 440 553 complacitum:
460 492 582 549 queniam
597 490 701 537 videtur
711 493 820 539 absurde
830 492 896 553 dici:
915 505 999 552 sapor

194 575 270 612 sensu
284 574 376 607 unsara
392 566 513 619 torquem
532 558 662 617 cumipse,
677 558 808 619 inquiunt,
818 572 998 620 sapursensus

195 631 244 685 sit,
258 640 311 673 non
322 628 402 672 alium
413 627 440 672 in
455 628 537 672 semet
547 625 603 683 ipse
614 638 717 671 sensum
727 627 830 673 babeat:
851 641 881 674 ae
890 627 999 686 perinde

196 698 231 742 alt
245 694 320 752 quasi
335 695 446 741 dicatur:
465 706 554 740 seusus
567 707 642 739 seusu
655 707 747 739 arsuro
758 700 868 753 torquet.
902 697 928 740 4.
947 694 999 741 Sed

196 763 265 809 enim
276 775 332 808 curn
342 760 473 807 Favorino
484 759 574 818 Higini
586 761 798 806 commentarium
810 761 940 820 legissem,
957 764 999 806 at·

195 842 244 888 que
255 829 280 874 ei
290 828 378 876 statim
388 827 521 887 displicita
536 831 604 873 esset
619 826 762 873 insolentia
773 831 799 873 et
808 827 954 874 insuavitas
965 828 1000 873 il·
1022 832 1023 865 l

194 896 262 945 lius:
280 908 355 943 sensu
370 895 500 955 torquebit
510 909 617 951 aurare,
632 894 706 952 risit,
722 897 761 941 et:
779 897 865 942 lovem
876 896 999 954 lapidem,

194 963 290 1024 inquit,
301 963 368 1021 qued
379 962 570 1008 sanctissimum
579 959 757 1007 iusiurandum
768 966 806 1008 est
815 963 938 1017 habitum,
953 976 1000 1022 pa·
1022 968 1023 975 ’

196 1036 270 1078 ratus
282 1043 338 1075 sum
349 1043 397 1088 ego
409 1030 503 1089 iurare,
509 1029 646 1086 Virgilium
656 1029 705 1074 huc
714 1042 843 1088 nunquam
854 1029 999 1090 scripsisse,
1022 1032 1023 1091 l

196 1099 242 1146 sed
257 1097 444 1155 lliginumege
459 1109 546 1142 verum
563 1095 649 1142 dicere
663 1097 784 1143 arbitror.
822 1100 845 1142 5.
860 1098 1000 1143 Nenenim

196 1166 293 1226 primus
307 1164 383 1211 fiuxit
398 1165 447 1211 boc
464 1165 569 1211 verbum
583 1162 710 1221 Virgilius
727 1163 884 1211 insolenter:
908 1165 956 1211 sed
972 1165 1000 1210 in
1022 1200 1023 1225 ἶ

195 1231 351 1279 carminibus
371 1230 487 1278 Lucretii
502 1231 638 1279 inventurn
648 1235 700 1278 est:
724 1245 772 1279 nec
789 1236 830 1277 est
848 1234 1000 1290 aspernatus
1022 1228 1023 1265 l

195 1299 377 1347 auctoritatem
393 1300 501 1357 poetae,
520 1297 626 1357 ingenio
636 1303 664 1344 et
674 1298 797 1349 fecundia
806 1299 1000 1358 praecellentis,

197 1372 220 1413 6.
238 1367 324 1414 Verba
333 1380 366 1413 ex
378 1369 471 1425 quarto
480 1365 598 1419 Lucretii
607 1364 752 1413 haecsunt:
1022 1404 1023 1407 ,

260 1436 382 1494 Denique
391 1437 418 1480 iu
429 1449 458 1481 os
468 1435 533 1481 salsi
540 1433 611 1481 veuit
619 1433 709 1479 humor
718 1448 797 1492 saepe
805 1434 927 1493 saporis:
1022 1444 1023 1509 q

265 1503 347 1559 Quum
357 1516 430 1548 mure
439 1514 578 1549 versamur
586 1505 712 1559 prepter:
730 1502 862 1562 dilutaque
872 1507 969 1548 contra
1022 1532 1024 1597 Ι

264 1570 347 1627 Quum
358 1571 453 1615 tuimur
463 1570 571 1616 misceri
579 1567 728 1629 absynthia,
739 1570 827 1628 tangit
834 1581 954 1614 amaror.

197 1639 222 1682 ‘l-
240 1636 300 1684 Non
315 1638 393 1684 verba
407 1639 492 1682 eutem
502 1636 572 1695 sela,
592 1634 638 1680 sed
653 1647 744 1682 versus
755 1649 834 1694 prope
844 1639 914 1684 tetus
923 1640 951 1680 et
961 1636 1001 1682 lc-

198 1716 243 1750 ces
257 1717 358 1762 quoque
371 1703 488 1751 Lucretii
501 1702 628 1764 plurimus
645 1704 770 1750 sectatum
786 1716 844 1751 esse
861 1702 1000 1762 Virgilium

196 1771 323 1818 videmus.
341 1816 344 1821 Δ

436 1879 622 1934 CAPUT
657 1878 760 1932 xxn.

224 1964 268 2017 An,
283 1963 323 2024 qui
335 1978 415 2008 causas
425 1963 539 2031 defendit,
553 1971 614 2008 recle
627 1963 753 2023 Latineque
763 1962 839 2007 dieat:
857 1974 971 2018 aurorem
979 1974 1002 2006 ss

253 2020 280 2073 ei,
291 2024 353 2080 quud
361 2019 477 2077 dffersdm
496 2027 518 2064 et
528 2033 640 2076 superesse
646 2021 742 2077 proprie
752 2019 809 2078 quid
815 2019 854 2062 sit.

231 2099 254 2143 1.
274 2097 435 2145 lrruboravit
450 2097 656 2156 inveteravitque
666 2098 732 2144 falsa
741 2099 818 2155 atque
828 2095 916 2143 aliena
925 2097 1001 2143 verbi

196 2163 353 2224 significatio
364 2160 459 2228 [eius],
473 2164 542 2222 quod
557 2163 665 2211 dicitur:
684 2165 728 2212 lu'c
741 2166 782 2210 ills·
790 2170 921 2224 πημοναῖς
942 2177 1001 2209 cum

196 2231 330 2279 dicendum
340 2236 387 2292 est,
398 2232 553 2279 advocatum
563 2246 620 2278 esse
630 2246 704 2290 quern
714 2232 833 2292 cuipiam,
849 2244 1002 2287 causamque

195 2299 252 2345 eius
266 2299 414 2345 defendere.
454 2302 478 2344 2.
496 2300 581 2356 Atque
596 2300 622 2345 id
637 2300 747 2357 dicitur,
768 2313 822 2345 nun
835 2298 863 2344 in
878 2297 1001 2356 compitis

195 2369 305 2420 tautum,
316 2356 399 2423 ireque
410 2366 438 2412 in
446 2367 522 2423 plebe
533 2366 661 2424 vulgaria,
669 2368 715 2413 sed
725 2367 753 2412 in
764 2368 832 2426 lere,
842 2365 870 2411 in
880 2364 1002 2422 comitio,

196 2434 265 2491 upud
284 2432 435 2480 tribunalia.
478 2435 502 2479 3.
528 2433 579 2486 uui
600 2434 703 2492 integre
722 2436 805 2481 autem
825 2432 909 2479 locuti
928 2436 1002 2495 sunt,

194 2513 312 2559 magnam
327 2502 425 2558 partem
441 2513 576 2559 superesse
586 2500 624 2547 ita
634 2502 771 2562 dixerunt,
790 2503 860 2546 uteo
872 2501 951 2545 verbe
963 2499 1002 2545 si-

194 2567 346 2628 gnificarent
362 2568 522 2624 superfluere
536 2571 563 2615 et
577 2581 747 2627 supervacare
761 2571 836 2626 atque
851 2579 909 2613 esse
920 2579 1003 2626 supra

195 2635 372 2684 necessarium
382 2636 491 2686 modum.
509 2637 534 2680 4.
552 2638 641 2694 ltaque
652 2638 688 2683 M.
699 2639 783 2685 Verre
793 2636 821 2683 iu
831 2636 1003 2694 satvraquae
