2067 3034
322 118 403 167 ΗΒ.
424 119 465 166 11.
501 117 592 166 CAP.
610 119 653 167 24.
862 115 897 169 Gi

81 250 142 284 sese
159 236 282 284 convivia
300 236 444 296 agitarent,
462 235 551 283 iurare
573 237 641 295 apud
660 234 786 284 consules
806 236 895 282 serbis

82 305 231 363 conceptis,
249 319 304 351 nou
318 305 430 363 amplius
444 304 472 350 in
486 304 604 362 singulas
619 316 714 350 coenas
727 304 826 350 sumtus
836 318 895 351 esse

82 374 215 429 maturos,
230 386 305 429 quam
315 375 440 419 centenos
451 371 610 428 vicenosque
620 371 703 427 aeris,
718 373 822 428 praeter
835 372 895 417 olus

82 443 109 486 et
119 441 162 486 far
171 442 199 486 et
208 439 310 498 vinnm3
329 453 413 496 neque
425 438 486 485 sino
496 438 655 497 alienigena,
671 438 717 484 sed
727 437 823 495 patrio,
832 452 896 484 usu-

81 518 141 563 ros5
161 520 247 564 neque
259 507 359 565 argenti
371 507 399 553 in
410 506 534 553 convivio
544 506 603 564 plus
614 505 805 564 pondo‚.quam
814 505 896 552 libras

84 576 189 620 eentum
199 574 332 620 illaturos.
359 577 383 621 3.
401 575 454 620 Sed
468 576 529 632 post
539 574 565 619 iel
576 577 680 620 senatus
691 572 839 619 consultum
848 574 896 620 lex

83 641 187 688 Fannia
197 641 252 687 lata
261 644 310 700 est,
325 655 391 698 quae
401 641 471 687 lodis
480 641 614 696 Romanis,
628 640 690 686 item
700 640 771 686 luslis
781 640 896 698 plebeiis

84 711 111 754 et
121 708 320 764 Saturnalibus,
339 712 365 757 et
378 708 440 755 aliis
450 709 601 766 quibusdam
613 708 717 764 diebus,
736 707 765 753 in
775 707 895 765 singulus

84 776 142 822 dies
162 779 287 823 centenos
306 775 376 822 aeris
395 776 490 822 insumi
510 776 653 834 concessit,
674 776 812 831 decemque
832 775 895 821 aliis

84 843 178 890 diebus
202 843 231 889 in
255 843 369 901 singulis
386 843 520 889 mensibus
543 843 672 898 trisenon
693 843 789 889 cetaria
809 846 895 889 autem

84 911 205 957 omnibus
222 911 314 969 dielpus
329 912 419 956 denos.
454 914 482 956 4.
497 910 571 957 Hane
585 909 704 957 Lucilius
718 911 796 969 potita
808 910 894 970 legem

84 978 180 1037 signat,
192 992 247 1024 eum
259 978 342 1024 dicit:
537 986 551 1024 ⁴.

152 1070 189 1080 —
195 1070 231 1080 —
239 1045 328 1092 Fanni
337 1047 514 1106 remensoque
523 1046 647 1094 misellos.

84 1116 108 1160 5.
128 1114 159 1159 ln
172 1126 224 1172 quo
239 1116 394 1160 erraverunt
407 1113 511 1172 qnidam
526 1112 769 1160 commentariorum
779 1113 806 1159 in
815 1115 895 1161 Luci·

83 1180 150 1226 lium
159 1180 311 1239 scriptores,
323 1176 393 1238 quoi
402 1184 566 1241 putaverunt,
578 1181 679 1228 Fannia
689 1182 895 1240 legeperpetuos

83 1248 112 1294 iu
123 1261 201 1295 omne
212 1248 312 1295 dierum
322 1262 406 1307 genus
417 1251 542 1295 centenno
553 1249 622 1296 aeris
633 1252 755 1296 statutor.
791 1251 815 1294 o.
828 1252 895 1296 Gen-

82 1321 139 1362 tum
149 1315 219 1362 enim
229 1315 298 1363 aeris
307 1316 423 1363 Fannius
434 1317 581 1377 constituit,
597 1316 675 1363 sicuti
685 1330 763 1376 supra
774 1316 839 1378 dixi,
855 1319 895 1364 ie-

83 1384 132 1430 stis
152 1383 305 1442 quibusdam
324 1383 427 1445 (liebus,
452 1397 549 1442 eosque
567 1385 647 1444 ipsos·
659 1384 715 1430 dies
734 1384 895 1432 nominavit:

84 1452 200 1498 aliorum
214 1454 302 1498 autem
315 1451 416 1497 dierum
429 1451 544 1498 omnium
557 1451 714 1510 insiugulos
728 1451 784 1498 dies
795 1456 895 1499 sumtus

83 1519 197 1565 inclusit
208 1517 278 1565 intra
292 1518 361 1565 aeris
375 1519 442 1565 alias
453 1519 577 1577 tricenos,
593 1520 660 1566 alias
670 1521 758 1566 (lenos.
794 1522 820 1567 Ί.
836 1521 895 1567 Lex'

83 1586 179 1633 deinde
193 1585 296 1632 Licinia
309 1589 402 1644 rogata
411 1589 463 1644 est3
483 1600 549 1643 quae
564 1602 621 1634 eum
631 1586 710 1632 certis
720 1587 825 1643 diebus,
842 1587 894 1643 sic·

81 1654 123 1701 uti
133 1652 249 1713 Fannia,
264 1656 387 1700 centenos
398 1653 466 1700 aeris
476 1653 591 1712 impendi
603 1654 777 1713 permisisset,
793 1655 892 1713 nuptiis

83 1725 200 1767 ducenos
214 1720 338 1779 indulsit3
359 1721 503 1779 ceterisque
520 1721 610 1768 diebus
627 1721 719 1768 statuit
732 1721 801 1768 aeris
814 1721 894 1768 trice-

81 1802 145 1845 nos3
167 1802 225 1834 eum
241 1791 267 1834 et
282 1787 368 1834 earnis
382 1789 471 1836 aridae
486 1789 512 1835 et
527 1789 676 1836 salsamenti
692 1794 764 1836 certa
779 1789 894 1848 pondera

82 1857 112 1903 in
124 1855 246 1914 singulos
260 1855 316 1902 dies
330 1855 506 1903 constituerit:
526 1857 574 1902 sed
586 1856 710 1913 quidquid
724 1859 793 1903 esset
803 1860 897 1915 iratum

82 1925 194 1980 eterra,
207 1923 271 1980 vite,
287 1925 394 1980 arbore,
407 1924 555 1983 promiscue
565 1928 642 1981 atque
653 1924 786 1970 indefinite
796 1924 893 1982 largita

82 1994 133 2039 est.
170 1993 194 2037 8.
213 1991 298 2037 Huius
313 1989 381 2049 legis
395 1991 507 2037 Laevius
526 1992 604 2049 poeta
622 1991 740 2038 meminit
753 1993 780 2038 in
794 1993 893 2038 Eroto-

45 2077 50 2091 ·
81 2058 214 2119 paegniis.
251 2062 275 2105 9.
294 2059 380 2104 Verba
390 2059 483 2105 Laevii
496 2058 559 2105 haee
569 2064 642 2119 sunt,
662 2060 755 2116 quibus
765 2059 893 2118 signifieat

80 2127 209 2184 hoedum,
229 2126 274 2183 qui
288 2126 322 2172 ad
335 2127 425 2184 epulas
440 2128 528 2172 fuerat
538 2127 647 2183 allatus,
666 2126 812 2185 dimissum,
832 2141 893 2174 eoe-

80 2208 195 2252 namque
205 2193 252 2253 ita,
266 2196 296 2240 ut
306 2194 352 2240 lex
362 2193 464 2241 Licinia
474 2194 616 2250 sanxisset,
630 2192 714 2254 pomis
725 2194 892 2253 oleribusque

81 2261 254 2308 instructum:
706 2270 708 2275 ’

116 2329 177 2376 Les
187 2329 300 2391 Licinia,
311 2327 404 2389 inquit,
415 2329 608 2377 innodantur:
638 2362 640 2365 ,

118 2397 183 2444 Lae
192 2398 292 2458 liquida
301 2396 382 2443 hoedo
394 2397 522 2443 reddetur.

83 2465 131 2512 lo.
144 2463 264 2512 Lucilius
275 2478 376 2523 quoqne
386 2463 455 2524 legis
465 2465 544 2512 istius
552 2464 672 2512 meminit
682 2466 710 2513 in
721 2466 761 2514 iris
773 2468 873 2514 verbis:

116 2531 210 2589 legem
221 2535 329 2580 vitemus
340 2532 432 2579 lirini.

83 2599 125 2646 ll.
144 2599 243 2646 Postea
251 2599 282 2645 L.
293 2600 367 2646 Sulla
378 2599 502 2661 dictator,
520 2615 589 2658 eum,
609 2598 711 2658 legibus
722 2600 780 2647 istis
791 2600 894 2645 situat-

81 2679 133 2726 qne
144 2667 219 2715 sessio
230 2666 387 2732 obliteratis,
393 2668 511 2726 plerique
523 2668 550 2713 in
558 2668 722 2735 patrimoniis
733 2666 827 2729 amplis
835 2666 894 2723 liel-v
