2067 3034
271 163 315 232 1221
324 168 352 215 a.
374 167 471 216 xv11.
506 169 593 215 car.
612 168 654 217 12.
813 165 865 221 tlt

64 284 162 334 tentiae
170 285 353 344 Hippocratem
363 285 427 332 dicit
437 285 530 333 tuisse:
549 286 666 343 idemque
677 299 734 334 esse
743 286 865 346 opinatos
878 323 883 332 .
924 277 928 280 ¹
945 331 946 334 ,

63 360 90 401 et
100 353 257 400 Philistiona
266 354 377 400 Locrum
387 357 414 399 et
423 353 809 413 Dioxippumllippooraticum,
820 370 866 402 ve-

62 427 132 469 teres
141 420 256 466 medicos
266 421 417 467 etnohiles:
436 423 511 479 atque
522 422 605 476 illam3
621 423 652 468 de
661 434 711 478 qua
720 422 864 469 Erasistra.

63 491 106 535 tus
118 487 224 540 dixerit,
238 483 406 548 ἐπιγλωττίδα
417 501 469 535 non
479 488 578 534 idcireo
589 488 617 534 in
627 499 659 535 eo
669 489 728 535 loeo
739 490 867 537 constitu-

64 559 126 610 tam,
136 568 168 600 ne
178 554 239 611 quid
250 568 283 600 ex
295 556 357 612 potu
368 555 489 601 indueret
498 555 526 600 in
536 556 669 614 arteriam;
681 552 754 617 (nam
764 557 868 614 pulmo·

63 621 93 669 ni
103 635 203 679 quoque
214 622 327 678 fovendo
337 622 496 681 rigandoque
505 622 584 668 utiles
594 623 807 680 necessariosque
817 625 868 670 hn-

64 701 151 738 mores
162 684 272 752 videri3)
281 690 326 735 sed
337 688 481 747 appositam
492 689 565 748 quasi
579 689 775 737 moderatricem
785 704 867 748 quan·

65 758 123 802 dam
133 756 306 813 arbitramque
316 756 471 813 prohibendi
481 756 683 812 admiscendive‚
698 758 766 814 quod
778 772 812 804 ex
823 772 867 805 sa·

62 823 128 871 lutis
142 836 190 869 usu
205 823 285 869 toret:
303 823 343 868 uti
357 823 444 870 edulia
457 823 560 880 quidem
573 823 661 869 omnia
675 824 825 872 defenderet
835 827 867 872 ab

65 889 175 949 arteria,
195 889 388 948 depelleretque
403 889 431 936 in
446 890 570 935 stomachi
583 890 664 948 viam3
683 894 772 949 potum
780 895 866 939 autem

59 955 207 1019 'partiretur
223 957 292 1002 inter
307 957 466 1003 stomachum
479 960 506 1003 et
520 957 679 1016 pulmonem3
699 961 734 1018 et,
753 959 866 1014 quodex

65 1039 98 1072 eo
109 1024 208 1070 admitti
224 1024 252 1070 in
265 1024 411 1082 pulmonem
421 1038 468 1082 per
477 1024 599 1070 arteriam
609 1025 720 1085 deberet,
735 1038 786 1071 non
795 1026 867 1083 rapi·

65 1092 127 1139 dum
140 1090 179 1147 id,
200 1105 281 1148 neque
295 1091 460 1148 universum,
479 1092 525 1138 sed
536 1092 642 1150 quadam
653 1092 726 1147 quasi
738 1092 811 1138 obice
822 1105 866 1139 su-

64 1160 204 1207 stentatum
214 1172 244 1206 ac
258 1172 404 1217 repressum
414 1159 510 1205 sensim
521 1158 697 1217 paulatimque
708 1159 866 1206 transmitte·

62 1229 119 1273 ret:
138 1229 215 1284 atque
232 1239 332 1271 omnem
346 1226 472 1282 reliquum
488 1226 516 1272 in
531 1225 637 1274 alteram
651 1227 776 1275 stomachi
794 1228 866 1271 fistu-

62 1293 265 1344 lamderiraret.
794 1316 797 1322 ν

319 1364 379 1414 ch
396 1361 418 1413 P
437 1364 461 1414 U
478 1364 503 1414 'l'
542 1362 606 1413 xll

47 1469 49 1473 .
95 1429 130 1474 De
138 1426 242 1473 materiis
251 1428 384 1496 infamibus,
395 1444 450 1498 quar
461 1429 564 1473 Graeci‘
554 1438 641 1488 ..δόξης
650 1432 779 1487 mallant,
794 1444 810 1471 a
818 1428 866 1471 Fo-

124 1484 204 1528 vorino
215 1485 334 1529 exercendi
341 1486 424 1541 gratia
433 1485 556 1543 disputatis

101 1563 126 1610 1
144 1563 257 1608 inlames
266 1563 397 1619 materias,
407 1563 462 1611 rive
473 1563 531 1622 quis
541 1545 640 1611 mavult
648 1562 752 1609 dicere
745 1562 865 1621 inopina-

63 1629 147 1686 biles,
166 1642 229 1686 quas
241 1629 332 1675 Graeci
346 1624 455 1684 ἀδόξους
465 1629 522 1689 [καὶ
536 1624 659 1694 ἀτόπους]
671 1624 809 1682 ὑποθέσεις
820 1643 865 1688 ap-

62 1698 175 1759 pellant,
187 1698 212 1743 et
221 1699 324 1743 veteres
334 1698 420 1746 adorti
430 1701 497 1754 sunt,
508 1711 561 1745 non
572 1698 704 1757 sophistae
714 1698 807 1756 solum,
820 1696 865 1743 sed

62 1763 215 1826 philosophi
225 1768 379 1843 quoque1et
390 1770 477 1812 noster
487 1765 633 1812 Favorinus
643 1765 737 1824 oppido
747 1778 820 1822 quam
831 1763 865 1808 li-

62 1830 145 1881 bens'
138 1845 166 1876 in
176 1843 220 1876 eas
229 1831 350 1878 materias
361 1833 470 1892 dicebat,
484 1833 546 1879 vel
539 1833 644 1891 ingenio
655 1829 865 1890 expergificando

61 1902 136 1946 ratus
150 1898 271 1953 idoneas,
290 1899 333 1945 vel
348 1899 502 1947 exercendis
518 1900 643 1958 argutiis,
661 1899 704 1945 rel
715 1896 864 1944 edomandis

62 1980 113 2013 usu
133 1964 343 2013 difficultatibus:
378 1969 402 2013 2.
424 1966 516 2022 sicuti,
540 1981 597 2013 eum
616 1965 752 2012 Thersitae
772 1965 865 2010 laudes

61 2032 200 2092 quaesivit,
207 2036 241 2091 et,
249 2047 304 2080 cum
316 2034 405 2081 febrim
414 2034 512 2091 quartis
523 2033 613 2081 diebus
622 2035 796 2079 recurrentem
805 2031 865 2076 lau·

61 2100 147 2157 davit,
166 2100 254 2158 lepida
272 2115 334 2147 sane
353 2102 449 2161 multa,
473 2104 499 2148 et
517 2114 570 2147 non
587 2100 678 2147 facilia
696 2099 816 2154 inventu,
836 2097 865 2142 in

60 2172 196 2224 utramque
212 2180 313 2213 eausam
328 2169 408 2224 dixit,
429 2181 508 2226 eaque
520 2168 617 2226 scripta
627 2167 653 2212 in
665 2166 740 2211 libris
749 2165 863 2222 reliquit.

61 2237 86 2282 3.
105 2233 156 2281 Sed
175 2233 203 2279 in
218 2234 297 2281 febris
313 2235 433 2282 laudibus
448 2238 541 2281 testem
556 2234 634 2282 etiam
649 2234 784 2279 Platonem
802 2245 864 2289 pro·

61 2301 152 2357 duxit,
172 2315 248 2359 quem
256 2300 399 2360 scripsisse
415 2303 463 2348 ait:
481 2302 524 2361 qui
535 2305 684 2359 quartanam
699 2311 789 2357 passus
800 2311 863 2344 con·

14 2401 18 2411 .
61 2361 187 2425 valuerit,
205 2368 325 2426 viresque
337 2369 451 2428 integras
463 2368 671 2427 recuperaverit,
689 2366 791 2412 fidelius
802 2373 864 2411 eou'·

60 2502 183 2550 laudibus
197 2516 249 2547 non
260 2504 346 2550 hercle
356 2503 404 2550 hae
414 2503 571 2550 sententiola
581 2503 719 2552 invenuste
729 2499 802 2546 lusit.
836 2501 862 2544 4.

60 2572 166 2627 Versus,
176 2569 267 2629 inquit,
279 2574 318 2617 est
328 2572 408 2630 longo
419 2570 552 2618 hominum
562 2583 627 2617 aevo
637 2568 771 2628 probatus:
835 2583 837 2586 ’

91 2632 193 2682 miore
203 2632 316 2698 μητρυιὴ
326 2636 395 2683 πέλει
404 2631 495 2701 ἡμέρη,
506 2634 597 2683 ἄλλοτε
607 2636 703 2700 μήτηρ.

60 2705 102 2752 Εο
114 2715 191 2752 versu
201 2704 369 2771 significatur,
379 2719 431 2754 non
442 2706 512 2755 omui
522 2707 564 2754 die
575 2709 640 2756 bene
650 2717 707 2755 eme
717 2716 802 2764 posse,
816 2701 864 2749 red
