2067 3034
330 150 412 196 nra
429 149 479 197 11.
514 150 603 197 ola
622 151 649 199 a
845 130 919 197 ltt'

98 280 146 324 que
157 265 239 313 victus
250 266 374 313 alimento
385 267 464 313 uitam
473 257 897 331 ducere‚etsir199onopripou;no-

4 373 8 392 ,
97 334 207 380 ruinani:
235 334 310 390 item,
330 347 385 379 esse
399 334 515 380 homines
531 334 680 381 snb-eadem
695 335 802 393 regione
819 335 897 391 well,

96 413 174 446 unum
187 401 292 447 oculum
301 402 327 447 in
338 401 433 447 frontis
441 402 526 447 medlo
537 399 667 459 habentes,
678 403 722 459 qni
733 403 899 460 appellantur

98 466 244 526 Arimaspi3
273 481 322 526 qua
339 468 421 514 fuisse
440 468 507 514 facie
526 460 669 519 Κύκλωπας
688 470 780 526 poetae
799 472 897 516 ierunt:
982 503 987 522 .

96 534 166 580 alios
176 534 236 580 item
247 548 304 580 esse
315 535 430 581 homines
441 534 507 592 apud
522 535 627 580 eandem
639 535 706 580 coeli
716 535 827 594 plagam,
842 536 897 581 sin-

97 601 216 658 gulariae
225 601 382 661 velocitatis,
399 601 511 660 vestigia
522 601 613 659 pedum
623 602 744 648 babentes
754 605 824 648 retro
836 616 897 661 pos·

95 670 177 723 recta,
187 681 249 723 non,
260 671 289 713 ut
299 672 441 715 ceterorum
451 669 589 719 hominum.
600 670 802 727 prospectantia:
821 683 896 727 prae-

95 740 170 780 terea
185 736 308 782 traditona
326 748 382 781 csse
396 737 625 792 memoratumque,
642 736 669 781 in
683 736 775 781 ultima
788 737 896 794 quadarn

96 807 177 856 terra,
187 813 252 859 quae
262 802 372 849 Albania
381 799 484 860 (licitur,
498 801 570 860 gigni
579 801 704 863 homines,
720 804 762 860 qui
773 803 799 849 in
808 805 896 862 pueri-

96 866 138 914 tia'
144 873 294 925 canescant,
313 873 340 914 et
351 870 406 928 plns
421 872 527 915 cernant
540 869 624 915 oculis
635 873 801 928 pernoctem,
820 875 896 928 quam

94 929 225 982 interdiu:
244 936 306 983 item
316 950 372 983 esse
390 938 545 994 compertum
559 940 585 981 et
599 936 738 992 creditum,
757 938 896 983 Sauroma-

95 1006 150 1062 tas,
166 1002 210 1059 qui
220 1003 290 1048 ultra
300 1003 483 1062 Borysthenem
494 1003 599 1049 fluvium
608 1004 687 1062 longe
698 1003 797 1060 colunt,
812 1004 896 1051 cibum

95 1082 189 1126 capere
204 1082 305 1127 semper
321 1070 409 1115 diebus
428 1070 528 1128 tertiis,
548 1067 632 1115 medlo
651 1071 788 1117 abstinere.
823 1074 848 1116 ¹l.
867 1072 896 1115 lb

96 1136 176 1181 etiam
185 1135 213 1180 in
223 1136 316 1182 iisdem
326 1136 399 1182 libris
409 1136 533 1195 scriptum
543 1130 709 1195 offendimus,
726 1138 795 1195 quod
806 1128 897 1196 postea

96 1214 200 1260 quoque
210 1202 237 1248 in
247 1203 315 1249 libro
325 1202 662 1250 PliniiSecundiNaturalis
672 1204 804 1251 Historiae
815 1206 897 1263 septi-

95 1282 139 1315 mo
154 1269 278 1327 legimus:
298 1282 354 1317 esse
368 1270 491 1327 quasdam
503 1270 531 1315 in
546 1277 616 1316 terra
625 1271 714 1317 Africa
726 1272 838 1318 familias
849 1273 897 1317 bo-

96 1337 203 1398 minum,
219 1350 284 1383 voce
299 1340 374 1395 atque
391 1337 481 1396 lingua
491 1337 709 1387 effascinantium:
727 1341 750 1383 8.
762 1339 838 1396 quisi
849 1338 897 1385 ins-

97 1404 204 1461 pensius
215 1405 283 1450 forte
294 1401 458 1450 laudaverint
469 1404 590 1463 pulchras
600 1406 717 1461 arbores,
734 1411 832 1464 segetes
842 1406 897 1452 lae-

98 1471 190 1530 tiores,
200 1470 315 1518 inlantes
325 1471 494 1527 amoeniores,
502 1472 620 1529 egregios
631 1485 720 1530 equos,
731 1474 841 1530 pecudes
851 1484 898 1531 po'-

96 1541 141 1585 stu
150 1542 228 1595 atquc
240 1540 311 1584 cultu
321 1539 433 1597 opimas3
445 1539 604 1585 emoriantur
612 1543 717 1597 repente
727 1539 790 1586 haec
801 1540 897 1595 omnia,

95 1605 168 1651 nulli
187 1605 254 1652 aliae
269 1619 362 1652 causae
376 1606 499 1652 obnoxia.
537 1605 627 1651 Oculis
647 1619 747 1664 quoque
762 1607 898 1653 exitialem

96 1672 296 1719 fascinationem
308 1672 376 1729 lieri,
390 1672 418 1718 in
428 1673 520 1720 iisdem
530 1672 605 1718 libris
615 1674 798 1731 scriptumest:
818 1674 899 1720 tradi-

95 1745 200 1796 curque,
212 1753 269 1786 esse
279 1739 396 1786 homines
406 1740 433 1786 in
444 1739 552 1799 illyriis,
562 1739 606 1797 qui
616 1740 766 1786 interimant
776 1741 898 1797 videndo,

96 1812 163 1865 quob
175 1807 272 1854 diutius
282 1807 344 1853 irati
353 1806 478 1865 viderint;
497 1820 594 1864 cosque
603 1805 674 1865 ipsos
682 1819 766 1852 mares
777 1808 900 1854 feminas·-

97 1888 156 1931 que,
166 1874 210 1933 qui
221 1875 278 1921 viso
288 1878 340 1920 tam
350 1873 455 1920 nocenti
465 1877 535 1929 sunt,
551 1873 664 1932 pupillas
673 1874 700 1919 in
712 1874 822 1932 singulis
837 1877 900 1919 ocu2

97 1942 133 1988 lis
142 1941 217 1987 binas
226 1942 329 1988 babere.
358 1946 381 1987 9.
399 1944 462 1986 ltem
473 1955 530 1987 esse
541 1941 567 1985 in
577 1942 705 1987 montibus
715 1943 798 1987 terrae
810 1940 899 1986 lndiae

96 2008 218 2054 homines
239 2009 339 2056 caninis
358 2008 485 2066 capitibus
504 2011 531 2054 et
547 2007 697 2066 latratibus;
716 2021 811 2065 eosque
828 2004 900 2053 vesei

97 2074 186 2122 avium
200 2078 226 2121 et
240 2077 354 2122 terarum
368 2074 512 2121 venatibus:
531 2081 607 2133 atque
623 2075 684 2120 item
699 2087 756 2119 esse
768 2074 900 2132 aliaapun

96 2142 204 2189 ultimas
215 2142 323 2189 orientis
335 2145 416 2189 terras
426 2142 559 2200 miracula,
569 2143 698 2198 homines,
713 2142 756 2198 qui
766 2141 898 2187 monocoli

96 2210 272 2269 appellantur,
284 2209 395 2267 singulis
406 2210 524 2255 cruribus
534 2209 666 2256 saltuatim
676 2214 815 2269 currentes,
825 2210 900 2255 vivo-

97 2276 218 2324 eissimae
231 2276 406 2334 pernicitatis:
424 2276 549 2333 quosdam
563 2277 641 2322 etiam
655 2289 711 2322 esse
724 2276 805 2323 nullis
816 2275 899 2322 cerui-

96 2344 180 2396 cibus.
198 2344 290 2390 oculos
305 2342 460 2389 innumeris
474 2343 609 2389 babentes.
647 2344 685 2389 lo.
706 2344 759 2388 iam
773 2357 835 2389 vero
848 2343 899 2388 boe

97 2410 234 2470 egreditur
248 2423 350 2456 onlnem
363 2410 464 2456 modum
482 2409 677 2465 admirationis,
692 2410 760 2467 quocl
770 2409 846 2456 iidem
858 2409 899 2454 illi

97 2478 243 2537 scriptores
264 2480 367 2535 gentem
387 2489 446 2522 esse
469 2477 544 2522 aiunt
567 2478 634 2537 apud
658 2480 774 2524 extrema
798 2477 900 2540 indiae,
941 2500 945 2508 ·

97 2544 252 2602 corporibus
266 2543 342 2590 hirtis
357 2548 383 2589 ct
398 2543 482 2589 avium
495 2543 550 2590 ritu
569 2545 751 2606 plantantibus,
770 2545 844 2590 nullo
864 2542 901 2588 ei-

96 2614 159 2657 batn
180 2615 336 2670 vescentem,
357 2610 402 2656 sed
419 2610 514 2667 spiritu
530 2613 619 2658 florum
634 2611 739 2657 rioribus
752 2613 846 2658 bausto
858 2604 901 2654 vi-'

93 2678 244 2725 ntitantem.
279 2678 422 2737 Pygmaeos
436 2691 539 2737 quoque
552 2680 620 2725 hand
633 2680 711 2735 lonae
727 2683 758 2725 ab
773 2679 807 2726 iis
821 2675 901 2730 nasci,
