2067 3034
306 137 379 188 [ΑΒ.
399 137 514 184 XVIII.
552 138 632 186 GAP.
651 140 675 185 1.
843 139 894 194 407

86 258 227 313 uicesimo,
246 258 290 315 Sp.
303 256 432 302 carvilius
444 256 518 314 Ruga
532 255 630 314 primus
639 256 735 303 Romae
750 260 783 304 de
798 259 895 307 emico-

85 340 146 373 rum
161 325 289 372 sententis
305 324 444 369 divortium
460 335 515 368 cum
529 336 613 369 uxore
624 322 698 381 fecit,
717 326 786 382 quod
795 328 894 373 sterilis
939 341 946 356 ·

89 395 170 449 esset,
190 392 350 447 iurassetque
371 390 437 447 opud
448 401 592 452 censores,
611 403 723 437 uxorem
736 405 769 437 se
783 393 896 440 liberum

90 458 297 517 quaerendorum
311 470 389 503 censo
401 456 503 503 hebere.
540 459 581 503 45.
599 458 749 515 Eodemque
765 472 834 506 enno
849 462 895 506 Cn.

90 527 207 575 Naevium
226 526 304 584 poete
323 524 424 569 fabulas
441 523 510 581 opud
529 524 652 582 populum
669 526 751 583 dedic
770 540 845 584 quem
858 527 897 574 M.

87 595 176 640 Varro
187 593 215 638 in
224 593 292 639 libro
303 593 341 637 De
351 590 440 637 Positis
450 590 535 649 primo
547 591 677 649 stipendia
688 592 783 639 fecisse
794 594 832 639 sit
840 594 897 640 hcl-

92 662 121 707 lo
136 660 249 706 Poenico
264 658 362 717 primo3
382 657 459 722 itiqpe
474 657 559 716 ipsum
573 654 705 706 'Naevium
720 660 806 707 dicere
821 661 849 706 in
864 675 896 707 eo

93 727 215 783 carmine,
230 726 298 784 quod
307 727 338 772 de
349 725 439 772 eodem
448 726 520 773 bello
532 726 643 786 sempsit.
679 727 800 788 Porcium
810 731 898 775 eutem

89 794 222 841 Licinium
232 792 338 848 Servius
349 792 478 852 poeticam
486 793 583 840 Romae
594 792 712 852 coepisse
723 794 798 856 dicit,
818 795 846 842 in
856 795 897 841 his

93 862 225 909 versibus:

128 928 237 976 Poem'eo
247 929 314 975 bello
325 928 435 976 secundo
446 928 526 979 Musa
532 928 644 987 pinnato
653 928 741 989 gradu

129 997 221 1043 Intulit
230 1010 256 1043 sc
268 997 416 1048 bellicosam
426 996 569 1042 in‘Romule'
575 1002 674 1055 gentem
677 997 779 1057 feram.

86 1066 137 1112 46.
155 1066 191 1110 Ac
201 1064 293 1110 deinde
310 1062 385 1110 annis
399 1064 454 1109 fere
468 1063 529 1121 post
542 1063 689 1121 quindecim
697 1063 795 1109 bellum
804 1063 896 1111 niver.

94 1144 138 1179 sus
153 1132 256 1178 I’oenos
269 1134 380 1177 sumtum
393 1132 450 1176 est:
484 1132 526 1175 47.
547 1132 622 1188 etque
636 1144 690 1176 non
700 1129 807 1175 nImium
817 1130 897 1189 longe

92 1202 130 1245 M.
142 1200 205 1244 Ceto
217 1201 306 1244 orator
316 1198 343 1243 in
354 1196 470 1255 cnuitete,
478 1197 507 1243 et
517 1197 625 1243 Plautus
636 1199 714 1255 poete
723 1196 751 1241 in
763 1210 841 1242 scene
849 1198 898 1244 Ilo·

86 1267 210 1314 ruerunt.
244 1267 285 1310 48.
304 1264 448 1323 Iisdemque
460 1264 622 1321 temporibus
637 1264 767 1322 Diogenes
783 1263 896 1322 Stoicus,

95 1335 122 1378 et
132 1331 277 1377 carneades
288 1330 467 1388 Academicus,
484 1332 510 1376 et
524 1330 655 1377 CrItolsus
665 1330 853 1388 Peripateticus
865 1332 896 1376 nb

94 1397 296 1445 Atheniensibus
307 1397 339 1441 sd
349 1398 466 1442 senatum
475 1398 565 1454 populi
575 1397 692 1456 Romani,
703 1397 803 1455 negotii
813 1397 897 1454 publi-

94 1466 119 1511 ci
130 1464 223 1523 gratia,
238 1462 319 1521 legati
330 1466 398 1509 sunt.
416 1465 458 1508 49.
470 1463 560 1519 Neque
570 1478 662 1521 magno
674 1464 813 1511 intervallo
823 1466 897 1521 post-

93 1546 127 1579 es
137 1532 168 1584 Q.
179 1529 290 1592 Ennius,
311 1532 338 1576 et
347 1530 422 1577 iuxta
432 1529 575 1588 Caecilius,
592 1535 618 1575 et
629 1530 777 1590 Terentius,
795 1544 826 1576 nc
836 1532 897 1577 sub·

93 1599 155 1645 inde
163 1598 305 1655 PacuvIus,
326 1598 351 1643 et
361 1596 472 1643 Pacuvio
488 1595 540 1642 iam
555 1611 616 1643 sene
629 1598 728 1655 Attius,
749 1597 895 1655 clariorque

90 1670 156 1712 'tnnc
170 1665 198 1710 in
209 1663 335 1723 poematis
346 1677 436 1709 eorum
446 1664 622 1711 obtrectandis
631 1664 749 1710 Lucilius
759 1665 818 1710 fuit.
854 1667 894 1710 5⁰.

93 1732 146 1779 Sed
155 1730 288 1790 progressi
297 1730 401 1788 longius
413 1743 510 1787 sumus,
532 1745 588 1777 cum
598 1732 671 1776 finem
687 1730 895 1789 proposuerimus

93 1797 316 1848 annotatmnculis
328 1797 386 1845 Istis
396 1798 493 1843 beilum
503 1797 800 1844 Poenorumsecundum

316 1963 661 1991 *-

4 2133 6 2140 >
90 2065 586 2177 crunnocrnvns
613 2104 894 2173 nncsnus

370 2261 616 2338 cneunc

121 2362 296 2421 Disputationes
306 2378 321 2406 e
327 2363 467 2419 philosopho
478 2359 567 2414 Stoico,
578 2370 602 2406 et
612 2368 695 2407 eonem
703 2375 718 2403 a
727 2359 893 2417 Perepatetico,

148 2421 238 2464 arbitro
248 2419 379 2469 Favorino,
391 2419 491 2476 factos:
508 2420 675 2477 quaesitumque
684 2419 745 2461 iuter
754 2430 801 2466 eos,
821 2426 893 2473 quan·

147 2484 196 2521 mm
208 2477 233 2519 in
245 2475 387 2532 perficiendo
400 2476 451 2520 vito
461 2476 530 2518 beata
542 2475 615 2519 virtus
623 2478 724 2523 valerem
742 2480 895 2532 quantumque

147 2539 203 2577 mec
213 2533 238 2576 in
246 2533 280 2584 iis,
292 2547 348 2590 quoe
357 2532 461 2576 dicuntur
471 2538 589 2575 extranea.

91 2590 388 2674 FamiliaresFerorini
397 2627 446 2674 duo
457 2606 530 2673 erent
537 2625 640 2683 quidam
647 2638 699 2671 non
708 2623 853 2670 incelebres
867 2619 894 2664 in

91 2694 240 2741 urbeiiome
248 2695 404 2754 philosophi.
416 2694 512 2741 Eorum
521 2693 570 2740 fuit
580 2689 844 2751 unusI’eripetetieee
856 2687 894 2732 di·
