2067 3034
147 74 198 127 dbb
395 64 501 114 subl
538 59 703 138 GElslsll

146 196 239 256 tigine‚
253 188 362 237 minime
369 186 499 233 momente
509 181 627 240 ingentes
638 180 725 226 iecere
734 177 822 225 dicent
831 177 961 225 mutatio·

147 275 204 311 nes.
238 260 280 305 27.
298 256 338 303 Ad
349 255 505 313 postremum
520 251 613 306 eutem,
629 251 656 293 et
665 246 725 306 quid
735 248 815 305 esset,
830 245 902 303 quod
913 246 960 289 od·

147 316 255 378 versum
260 325 310 372 hoc
320 323 372 368 dici
382 321 478 379 posset,
488 315 646 375 requirebat,
653 313 721 372 quod
730 312 851 358 homines
861 313 961 359 utrius-

150 411 199 458 que
211 406 290 442 sexus
296 389 414 444 ,omnium
425 388 550 444 aasabim,
571 382 682 428 diversis
692 381 829 433 stellarum
841 379 961 426 motibus

151 465 181 513 in
190 459 270 511 ditem
279 458 352 516 editi,
366 453 527 512 regionibus,
541 452 587 496 sub
597 450 690 507 quibus
701 447 782 506 geniti
792 450 863 501 sunt,
879 447 961 504 longe

153 529 323 582 distantibus,
343 535 431 569 omnes
441 522 527 566 temen
537 517 591 574 isti,
611 519 655 562 ent
663 515 795 561 hiantibus
805 514 896 575 terris,
917 517 962 558 sut

152 595 298 656 lnbentibus
309 591 398 648 tectis,
419 590 463 634 sut
473 586 628 645 oppidorum
637 582 895 640 expugnationibus,
917 583 963 626 ont

73 713 76 716 ,
154 665 242 713 eodem
256 660 285 707 in
299 658 361 710 nevi
375 657 454 702 fluctu
470 652 576 712 obrutiy
587 652 677 698 eodem
686 662 780 707 genere
790 648 894 706 mortis,
916 661 963 693 eo-

154 723 259 787 demque
269 727 324 774 ictu
333 723 456 783 temporis
468 718 596 785 [uniuersi
607 713 695 779 simul]
705 716 853 762 interirent.
880 716 962 771 Quod

154 798 264 853 scilicet,
274 792 367 852 inquit,
377 803 507 848 nunquam
518 786 644 842 eveniret,
659 784 682 830 si
693 787 821 836 momenta
831 783 960 829 noscendi

154 864 265 924 singulis
279 861 415 915 attributa,
436 869 495 904 suas
515 851 712 910 unumquodque
733 852 805 909 leges
822 850 961 896 heberent.

155 937 197 980 28.
215 927 315 986 Quodsi
328 926 463 985 quaedam,
482 922 579 980 inquit,
598 918 768 965 inhominum
782 919 866 963 morte
880 920 960 975 atque

155 1001 223 1056 vitu,
241 997 320 1044 etiam
331 992 441 1040 diversis
452 990 610 1047 temporibus
622 986 758 1045 editorum,
784 988 825 1030 2⁹.
835 998 882 1042 per
893 985 962 1030 stel-

155 1059 323 1123 larumpefes
334 1060 457 1118 quosdam
467 1060 558 1115 posteo
569 1056 725 1109 conventus,
744 1054 818 1111 pario
829 1052 963 1098 nonnullo

155 1138 184 1182 'et
193 1129 338 1181 consimilia
349 1140 425 1186 posse
436 1125 526 1170 dieunt
536 1122 681 1180 obtingere:
701 1133 746 1166 cur
754 1133 807 1165 non
818 1118 962 1176 aliquando

154 1199 260 1262 possint
278 1195 364 1243 omnio
383 1187 483 1250 guoque
503 1190 577 1248 paris
595 1202 644 1234 usu
663 1187 766 1244 venire3
785 1190 814 1233 ut
827 1186 964 1233 exsistunt

156 1281 203 1328 per
212 1259 391 1313 huiuscemodi
401 1259 537 1306 stellarum
547 1255 731 1303 concursiones
739 1256 765 1299 et
775 1252 962 1300 similitudines

158 1334 282 1382 Socretoe
293 1329 370 1377 simul
380 1330 406 1373 et
416 1326 565 1385 Aristones,
575 1325 602 1368 et
615 1323 739 1368 Platones
753 1320 842 1379 multi,
854 1334 962 1379 genere,

158 1405 251 1460 forms,
260 1394 504 1457 ingenio‚moribus,
515 1392 569 1437 vito
579 1390 651 1437 omni
661 1393 688 1435 et
698 1394 781 1434 morte
791 1388 863 1446 perii
882 1389 962 1441 Quod

159 1480 325 1527 nequequam,
338 1462 430 1520 inquit,
446 1471 551 1519 prorsus
561 1457 618 1505 fieri
628 1461 725 1516 potest.
752 1458 792 1504 so.
808 1457 866 1501 Non
880 1455 963 1513 igitur

140 1567 143 1574 .
158 1537 207 1583 boc
217 1528 295 1581 conss
303 1531 383 1591 probe
392 1529 433 1576 uti
443 1529 547 1585 queunt,
559 1526 692 1571 adversum
703 1523 834 1569 bominum
847 1523 961 1581 impares

160 1602 247 1658 entus,
264 1598 386 1645 interitus
399 1609 484 1655 peres.
521 1594 562 1641 ³1.
584 1591 655 1638 Illud
669 1595 754 1637 eutem
768 1589 919 1636 condonare
933 1603 962 1637 se

159 1671 194 1718 iis
203 1669 311 1727 meeber,
325 1665 393 1724 quod
402 1677 454 1710 non
464 1662 489 1708 id
498 1674 601 1720 quoque
610 1659 762 1717 requireret,
778 1657 801 1703 si
811 1657 880 1703 vitoe
891 1670 962 1703 mor.

160 1739 245 1795 tisque
257 1734 388 1782 hominum
400 1743 535 1788 rerumque
549 1729 715 1773 humanorum
731 1724 845 1771 omnium
860 1727 962 1783 tempus

161 1804 264 1854 aratio
280 1804 306 1850 et
321 1814 399 1847 causo
413 1798 440 1844 in
455 1797 530 1843 coelo
542 1797 569 1842 et
582 1795 650 1852 apud
660 1794 751 1840 stelles
761 1793 837 1846 toret,
859 1792 963 1849 quidde

159 1871 256 1922 muscis
271 1872 316 1917 sut
329 1864 479 1915 vermiculis
493 1865 539 1909 sut
549 1862 647 1909 echinis
657 1860 796 1917 multisque
806 1859 867 1905 eliis
877 1859 964 1905 minn-

159 1938 270 1988 cissimis
289 1941 360 1983 terre
376 1932 492 1989 merique
507 1928 679 1975 miimsntibus
698 1928 831 1973 dicerent?
855 1929 897 1971 An
912 1927 964 1973 ists

161 2018 264 2067 quoquc
283 2003 388 2061 iisdem,
408 1997 499 2058 quibus
513 1997 646 2053 homines,
666 1995 767 2053 legibus
782 1997 963 2048 noscerentur,

160 2066 305 2131 iisdemqui
324 2070 413 2117 itidem
433 2065 676 2123 exstinguerentur:
699 2065 729 2107 ut
747 2063 793 2107 out
810 2061 964 2108 renunculis

126 2194 132 2202 ,
161 2154 263 2201 quoquc
272 2141 304 2198 ‚et
316 2136 443 2184 culicibus
458 2130 581 2179 noscendi
596 2131 650 2176 teta
660 2130 712 2175 sint
723 2130 754 2174 de
764 2128 918 2175 coelestium
928 2128 965 2173 si-

162 2211 252 2256 derum
261 2206 373 2252 motibus
383 2202 518 2257 attributc3
539 2199 592 2257 eut,
607 2199 630 2243 si
639 2197 666 2242 id
675 2201 728 2242 n'on
740 2197 873 2253 putarent,
888 2196 966 2241 nulls

162 2275 231 2321 sotio
241 2273 383 2326 videretur,
393 2283 440 2315 cur
449 2281 481 2314 es
488 2267 602 2313 siderum
611 2264 652 2312 vis
662 2264 689 2309 in
699 2262 844 2310 hominibus
853 2262 965 2318 voleret,

165 2341 285 2387 deiceret
293 2338 321 2383 in
332 2337 474 2386 ceteris-
493 2337 533 2380 ³2.
540 2333 612 2378 Haec
621 2331 749 2377 nossicco
759 2331 785 2375 et
794 2330 930 2375 incondito
939 2333 968 2374 et

165 2405 349 2465 propemodum
359 2404 446 2449 ieiuno
456 2401 577 2449 oratione
587 2400 726 2457 attigimus.
751 2398 802 2443 Sed
810 2397 969 2453 Fauorinus,

165 2473 207 2530 (ut
220 2469 333 2516 hominis
346 2469 476 2526 ingenium
488 2468 550 2527 luit,
567 2469 643 2522 utque
655 2468 768 2511 Graecae
778 2464 914 2514 fecundise
925 2477 969 2508 co-

165 2538 211 2597 pis
220 2534 297 2581 simul
307 2537 333 2579 et
342 2531 486 2596 venustcs‚)
503 2534 583 2580 letius
593 2547 624 2579 ee
634 2535 661 2578 et
673 2532 807 2578 amoenius
816 2533 842 2577 et
852 2529 969 2589 splendi-

166 2605 223 2650 dius
234 2601 437 2659 etprotluentius
447 2602 648 2662 exsequebstnr3
663 2602 738 2657 atque
748 2598 889 2646 identidem
898 2611 969 2645 com-
