2067 3034
148 133 199 185 322
399 128 506 176 num
541 127 704 184 ossbbu

6 293 7 302 ,
146 252 229 301 Nulla
243 247 327 308 igitur
340 248 417 307 pacto
435 246 560 294 utendum
576 248 617 294 est
631 244 782 294 istiusmodi
797 243 958 354 bominibus,

48 320 50 327 '
147 332 189 367 res
199 320 300 366 futuras
310 312 542 377 praesagientibus.

417 444 602 508 CAPUT
638 445 727 500 ll.,

179 526 374 579 Quemadmodum
387 521 647 576 disseruitFaoarinus‚
666 526 782 567 consultas
795 536 872 573 aare,
891 536 958 579 nrper

185 579 380 707 lofficias'udicis.
415 631 418 640 Ι

185 660 286 712 litua
300 656 409 715 primum
425 657 542 714 tempore
552 668 568 701 a
576 637 741 713 praetoribus
753 654 856 702 lectus
848 669 877 700 ru
887 655 959 701 iudi·

150 741 193 775 ces
203 739 296 781 snm,
292 726 321 769 ut
331 722 439 783 indicia,
460 736 526 780 quae
537 722 701 781 appellantur
710 722 821 782 privata3
838 722 959 781 suscipe-

149 807 213 851 rem,
229 792 313 838 libros
330 790 464 852 utriusque
483 789 599 847 linguae,
623 788 654 833 de
673 789 757 835 officio
775 789 872 836 iudicis
891 790 977 840 scri-,
1029 787 1030 796 ¹

150 865 224 919 ptos,
245 857 404 918 conquisivi,
422 860 452 903 nt
461 857 538 903 hamo
546 855 700 903 adolescens
710 869 725 901 a
734 858 872 914 poitarum
881 858 959 903 faba.
974 907 977 910 ¹

149 929 185 974 iis
199 928 226 973 et
238 938 259 972 a
272 926 403 972 rhetorum
417 923 531 982 epilogis
546 923 579 969 ad
593 922 819 976 iudicandaslites
835 928 957 985 vocatus,

150 1008 208 1044 rem
217 992 388 1049 iudiciariam,
404 992 526 1048 quoniam
536 989 617 1049 vacis,
631 992 661 1037 nt
671 989 775 1049 dicitur,
786 990 862 1037 vivae
873 990 959 1045 nimiu

149 1061 260 1122 penuria
269 1061 334 1119 erat,
344 1071 380 1105 ex
388 1058 477 1116 mutis,
491 1057 561 1115 quad
570 1057 654 1115 aiant,
669 1056 801 1115 magistris
812 1071 958 1116 cognosce·

149 1142 213 1182 rem.
248 1129 332 1184 Atque
345 1124 374 1171 in
388 1138 474 1171 rernm
488 1124 592 1182 quidem
606 1123 790 1171 diffissionibus
805 1138 958 1183 comperen-

150 1194 387 1251 dinationibusque‚
398 1193 424 1237 et
434 1192 493 1237 aliis
505 1190 656 1248 quibusdam
664 1191 789 1250 legitimis
799 1192 903 1249 ritibus,
921 1205 958 1240 ex

150 1262 209 1321 ipsa
222 1262 280 1317 lege
295 1259 363 1305 iulia
378 1260 404 1304 et
417 1272 452 1306 ex
463 1257 554 1306 Sabini
565 1258 690 1304 Massurii
704 1261 730 1304 et
744 1272 779 1306 ex
793 1259 957 1316 quorundam

149 1330 262 1378 aliorum
295 1325 506 1384 iurisperitorum
532 1325 724 1372 commentariis
753 1326 902 1372 commoniti
930 1328 958 1373 et

151 1393 329 1443 adminiculati
349 1406 443 1439 snmus.
477 1394 500 1437 2.
520 1394 550 1437 ln
566 1391 607 1438 his
626 1395 723 1448 autern,
741 1406 807 1450 qnae
826 1392 958 1441 exsistere
1029 1397 1030 1424 l

151 1463 249 1518 scient,
277 1461 442 1518 negotiorum
460 1459 623 1518 ambagibus,
652 1461 680 1505 et
696 1460 725 1505 in
744 1460 853 1517 ancipiti
871 1460 958 1506 ratic-

150 1542 213 1576 num
236 1527 394 1573 diversarum
413 1526 623 1586 circumstantia,
653 1524 722 1571 nibil
745 1526 882 1584 quidquam
904 1540 957 1575 nos

150 1594 328 1643 huiuscemodi
337 1592 399 1639 libri
410 1594 541 1639 iuverunt.
576 1594 600 1638 3.
618 1593 691 1648 Nam,
703 1593 753 1639 etsi
763 1593 874 1639 consilia
883 1593 957 1640 indi·

128 1657 131 1667 '
153 1663 226 1710 cibus
237 1674 271 1707 ex
281 1660 455 1719 praesentium
466 1672 602 1706 causarum
611 1661 682 1705 statu
692 1660 818 1717 capienda
827 1664 898 1715 sunt,
909 1675 958 1720 ge·

149 1727 253 1777 ueralia
270 1730 357 1773 tamen
375 1727 496 1785 quaedam
514 1725 677 1785 praemonita
696 1730 722 1772 ct
735 1729 872 1784 praecepta
886 1731 957 1786 sant,

150 1797 243 1855 quibus
257 1797 317 1841 ante
333 1805 435 1840 cansam
448 1793 608 1852 praemuniri
618 1793 698 1839 iudex
712 1794 914 1851 praepararique
924 1796 959 1841 nd

149 1864 265 1914 incertos
278 1874 351 1916 casas
362 1862 507 1907 futurarum
517 1860 694 1906 difficultatum
706 1859 809 1919 debeat;
828 1860 896 1914 sient
906 1861 958 1918 illa

150 1930 215 1978 milri
228 1932 294 1980 tunc
306 1927 399 1974 accidit
412 1926 606 1985 inexplicabilis
619 1927 799 1984 reperiendae¹
808 1930 958 1976 sentcntiae

150 1996 315 2055 ambiguitas.
350 1997 376 2039 4.
392 1994 532 2041 Petebatur
541 1993 608 2052 apud
618 2007 658 2040 me
668 1994 792 2052 pecunia,
808 2008 873 2052 quae
884 1995 959 2043 dicc-

150 2066 225 2111 batur
236 2064 297 2110 data
305 2063 502 2118 numerataque3
523 2062 569 2107 sed
578 2060 621 2117 qui
631 2063 746 2121 petebat,
753 2108 755 2114 ,
762 2074 845 2119 neque
855 2064 957 2110 tabulis

149 2144 233 2187 neque
246 2129 355 2178 testibus
369 2128 397 2173 id
412 2129 508 2174 iactum
518 2127 640 2185 docebat,
660 2131 687 2174 et
696 2128 854 2187 argumentis
864 2129 959 2177 admo-

151 2198 212 2244 dum
225 2195 340 2243 exilibus
354 2194 492 2241 nitebatur.
527 2198 550 2240 b.
571 2194 623 2250 sed
641 2208 700 2241 enm
717 2196 851 2242 constabat
868 2196 958 2244 virum

151 2276 209 2312 esse
222 2264 302 2309 ferme
315 2264 423 2319 bonum,
441 2264 570 2318 notaeque
586 2265 612 2306 et
621 2264 747 2319 expertae
759 2260 827 2320 idei,
846 2266 873 2308 et
882 2263 957 2313 vitae
977 2305 980 2311 ι

149 2328 387 2387 inculpatissimae:
405 2328 536 2386 multaque
547 2330 573 2375 et
582 2328 699 2375 illustria
708 2328 958 2388 exemplapprcbita-
1029 2351 1030 2398 p

151 2395 187 2442 tis
192 2394 401 2452 sinceritatisque
407 2395 463 2442 eius
473 2397 681 2454 exponebantur.
688 2396 798 2450 >billum
808 2401 961 2456 antern‚un.

153 2461 185 2508 dc
195 2464 339 2522 petebatur,
344 2460 478 2518 ‚bominem
488 2475 545 2509 esse
555 2476 609 2518 non
619 2462 760 2522 horreret,
771 2462 876 2521 vitaque
887 2466 961 2523 turpi
978 2505 982 2514 .

154 2528 180 2575 ct
190 2525 308 2586 sordida,
328 2527 523 2588 convictumque
536 2530 615 2588 vulgo
625 2529 652 2575 in
660 2529 818 2586 mendaciis,
836 2530 971 2588 plenum-⁹

154 2604 271 2651 qneosse
281 2593 443 2652 perfidiarum
453 2598 479 2642 et
490 2596 608 2655 fraudum
616 2596 808 2656 ostendebatur.
836 2599 860 2642 i.
878 2599 904 2643 is
914 2601 961 2653 ta-

153 2672 212 2706 men
228 2673 285 2706 curu
300 2659 354 2707 suis
363 2661 452 2711 multis
462 2663 580 2723 patronis
591 2663 753 2727 clamitabat,
773 2663 879 2723 probari
888 2667 960 2728 apud
