2067 3034
169 109 204 162 ts
423 110 531 160 sunu
567 110 724 198 annuis
816 166 845 171 ,‚

170 230 272 285 dicere,
287 227 467 275 huiuscemodi
477 227 637 276 verbisusus
649 230 701 277 cst:
735 231 761 276 9.
780 231 866 290 Quos,
881 227 975 290 iuquit,

170 297 282 346 avaritie
291 295 385 343 minuit
394 298 421 341 et
430 295 579 353 corrumpit,
592 296 686 353 quique
696 309 753 343 sese
764 293 816 360 [in]
827 288 977 354 quaerenda

170 363 283 422 undique
297 362 408 422 pecunia
422 362 590 421 dediderunt,
610 375 655 408 cos
669 362 808 421 plerosque
818 363 866 409 tali
877 376 976 421 genero

168 430 240 478 vitae
258 433 400 488 occupatos
419 428 550 485 videmus,
572 432 614 487 ut,
633 428 711 475 sicuti
730 429 784 476 ulia
796 431 824 476 in
837 429 870 475 iis
884 429 975 477 omnia

168 510 231 557 prae
240 497 360 556 pecunia,
370 495 407 540 ita
416 494 490 541 labor
500 508 601 552 quoqne
611 494 707 555 virilis,
713 497 904 553 exercendique
913 510 974 543 cor·

168 564 241 623 poris
257 562 367 609 studium
383 560 489 608 relictui
504 562 547 607 sit.
584 563 624 607 10.
642 561 762 620 Negotiis
774 558 864 625 [enim]
876 576 903 608 se
913 564 972 622 plc-

166 643 273 687 rumque
283 627 434 675 umbraticis
444 630 470 674 et
480 627 624 674 sellulariis
635 629 782 686 quaestibus
795 629 911 675 intentos
924 629 972 675 liu·

167 699 240 756 luent,
259 696 288 741 in
304 694 395 753 quibus
410 695 493 742 omnis
511 708 602 741 eorum
615 695 692 755 vigor
706 694 785 741 suimi
799 696 969 755 corporisque

166 763 335 822 elanguescit,
346 763 380 821 et,
392 762 459 818 quod
470 761 612 808 Sallustius
622 763 667 818 uit,
677 761 848 810 effeminstur.
865 764 972 809 ll.Tum

165 829 312 877 Favorinus
328 827 382 886 legi
397 827 481 875 denuo
495 832 574 874 verbu
590 830 677 875 ecdem
688 829 810 876 Sallustii
824 829 907 889 iubet,
929 832 970 875 at.

165 911 228 955 que,
242 896 286 943 ubi
297 896 367 943 lecta
377 896 450 942 sunt:
472 894 541 949 Quid
551 894 643 953 igitur,
654 892 749 954 inquit,
764 896 886 949 dicemus,
900 895 974 954 quod,

163 964 262 1011 multos
277 962 368 1010 videre
383 965 423 1008 est
441 961 568 1021 pecuniae
583 962 704 1024 cupidos,
723 967 750 1008 et
760 963 866 1010 'eosdem
883 966 970 1009 tamcu

164 1044 273 1089 corpore
287 1043 343 1076 esse
359 1033 452 1088 vegeto
467 1042 497 1074 ac
510 1028 625 1075 vuleutit
665 1031 706 1075 12.
729 1031 795 1075 Tum
813 1029 861 1077 illc
875 1029 913 1075 ita
925 1043 972 1075 re-

164 1097 281 1156 spondit:
300 1099 360 1144 Non
368 1096 456 1142 hercle
465 1093 575 1141 inscite!
608 1095 731 1154 Quisquis
741 1094 799 1154 est,
809 1095 905 1156 inquit,
922 1110 964 1154 pe·

165 1165 258 1211 cuniae
269 1164 384 1222 cupiens,
389 1166 416 1210 et
426 1176 534 1222 corpore
544 1166 630 1209 tumen
640 1166 679 1209 est
689 1165 753 1210 bene
763 1163 851 1210 habito
862 1178 891 1209 uc
901 1173 967 1209 stre·

163 1244 227 1290 nuo,
237 1230 346 1277 aliarum
356 1244 457 1289 quoque
467 1243 555 1276 rerum
564 1230 607 1276 vel
620 1230 706 1277 studio
715 1231 759 1276 vel
769 1230 897 1277 exercitio
908 1244 966 1277 eum

164 1298 249 1344 teneri
264 1297 438 1343 necessarium
453 1301 506 1358 est,
528 1299 603 1353 utque
618 1296 646 1343 in
661 1311 717 1344 sese
732 1296 841 1344 colendo
855 1311 909 1344 non
923 1311 967 1345 ac·

164 1378 213 1423 que
224 1378 282 1411 case
293 1356 406 1422 parcum.
427 1365 538 1410 13.Nam
550 1364 572 1410 si
584 1364 695 1410 auaritia
705 1365 762 1411 sola
771 1377 867 1410 summa
877 1378 965 1411 omnes

163 1431 277 1479 hominis
287 1433 373 1489 partes
384 1431 585 1489 affectionesque
596 1434 716 1490 occupet,
731 1431 788 1478 etsi
798 1432 831 1477 ad
840 1431 966 1478 incuriam

163 1511 245 1556 usquc
256 1499 372 1556 corporis
383 1500 521 1557 grassetur,
531 1501 560 1544 ut
569 1511 616 1557 per
626 1498 697 1544 illam
705 1512 781 1545 uuum
791 1512 873 1557 neque
884 1498 971 1556 uirtus

163 1565 209 1623 tis,
221 1578 306 1622 neque
316 1564 420 1623 virium,
434 1579 519 1624 neque
530 1565 657 1623 corporis,
667 1580 749 1622 neque
761 1565 839 1612 animi
851 1580 912 1612 curo
923 1564 971 1611 aa·

165 1634 212 1691 sit;
231 1634 285 1678 tunr
299 1631 407 1689 denique
421 1631 443 1677 is
460 1646 520 1678 vere
537 1632 588 1678 dici
602 1635 689 1690 potest
703 1633 850 1679 effeminato
866 1646 924 1679 csse
941 1634 967 1678 ct

166 1700 251 1746 animo
263 1702 289 1745 et
300 1712 417 1758 corpore,
428 1699 471 1757 qui
480 1713 564 1756 neque
575 1713 640 1755 sese,
655 1713 737 1758 neque
748 1701 819 1746 uliud
829 1703 909 1757 curet,
927 1698 969 1746 ni-

165 1766 189 1813 si
213 1766 354 1825 pecuniam.
391 1767 429 1811 14.
453 1767 518 1812 Tum
538 1767 696 1813 Favorinus:
719 1769 771 1812 Aut
791 1767 853 1822 hoc,
874 1767 972 1827 inquit,

165 1835 233 1893 quoti
247 1833 353 1891 dixisti,
368 1833 502 1891 probabile
517 1837 569 1893 est,
590 1837 634 1880 aut
649 1834 788 1880 Sallustius
804 1835 864 1880 odio
883 1832 970 1881 auari-

164 1900 219 1948 tiae
231 1901 299 1963 plus,
309 1913 383 1957 quam
393 1900 487 1960 potuit,
498 1915 554 1947 eam
565 1900 713 1948 criminatus
724 1905 771 1948 cst.

439 2032 625 2085 csPUT
661 2033 699 2083 11.

195 2116 322 2165 orrannum
339 2130 383 2160 esse
401 2117 505 2159 natalem
526 2117 583 2160 dion
599 2117 636 2160 M.
653 2118 727 2161 Varro
746 2116 809 2162 dr'cut
827 2131 912 2168 eonon,

221 2177 276 2214 arcte
284 2172 359 2215 noctis
370 2172 451 2215 nomm
459 2178 550 2214 sextam
555 2180 636 2228 postve
647 2188 697 2216 eum
707 2174 834 2218 natitant:
853 2180 923 2230 utque
930 2187 966 2215 ιιι-

220 2226 255 2269 s'bi
264 2231 291 2270 ric
301 2227 440 2282 torporibus
450 2227 595 2285 tarmim‘sqae
606 2229 834 2288 dierum,qur'cr‘cr'les
843 2228 967 2272 norninnu·

220 2284 266 2334 tur,
273 2285 570 2386 et·‘rlrs3uequaqucgmtimn
581 2285 645 2327 caric
655 2286 820 2329 sumuntur.»
830 2291 853 2328 et
858 2290 966 2338 praeter·

220 2351 248 2380 ω
271 2352 297 2380 us

218 2352 282 2436 rugi
294 2406 342 2434 non
355 2392 588 2453 interseruerunt,
608 2399 673 2454 qaod
684 2396 801 2441 racionem
815 2395 894 2439 croilis
908 2392 970 2437 aursi

218 2461 264 2491 non
282 2448 394 2492 libuerit.

199 2510 223 2553 l.
240 2508 338 2562 Quaeri
349 2507 455 2555 solitum
465 2509 514 2567 cst,
524 2508 566 2567 qui
577 2509 661 2558 noctis
669 2509 735 2557 hora
743 2510 823 2558 tertia
834 2511 968 2569 quartave,

162 2573 221 2621 sive
232 2587 281 2633 quc
291 2573 353 2632 alia,
363 2573 417 2620 nati
428 2578 496 2633 sunt,
510 2580 570 2622 uter
580 2577 634 2623 dics
644 2578 740 2624 natalia
749 2578 838 2625 haberi
850 2576 969 2638 appella·
1020 2590 1021 2639 i

161 2640 241 2699 rique
252 2641 357 2719 lubeat,
378 2639 449 2709 isne,
468 2656 544 2702 quem
553 2657 608 2691 nox
618 2656 649 2690 eu
660 2649 797 2692 consecuta
807 2648 859 2705 est,
880 2658 913 2690 an
924 2641 968 2702 qui

343 2368 348 2380 .
358 2338 454 2381 Murrus
463 2339 582 2393 scripserit
590 2353 661 2397 super
670 2355 697 2384 ea
706 2343 814 2392 muliere,
833 2353 902 2406 quum
915 2353 966 2382 snu-
