2067 3034
128 138 178 186 228
376 134 484 184 suni
520 133 680 179 unu-1111

129 269 242 318 gressus,
253 269 309 304 enm
320 252 445 303 &manis
454 252 615 311 depugnavit
624 251 747 299 adversus
756 249 871 299 Manium
880 251 933 299 Cu·

128 327 208 380 rium,
225 326 253 370 iu
268 339 299 370 eo
313 324 384 371 bello
400 322 497 367 ducem.
535 323 574 367 Π.
591 320 715 377 Argivum
729 325 814 366 antem
824 321 933 378 bellum,

129 393 156 438 id
169 395 210 437 est
225 391 375 445 Achaicum,
393 386 483 434 multis
494 391 553 444 post
561 387 639 432 annis
649 399 665 431 a
674 387 703 432 L.
717 387 841 433 Mummio
851 389 934 445 impe·
991 403 993 406 ·

128 461 216 505 ratore
226 459 325 516 gestum
337 458 384 502 est.
407 458 449 501 18.
460 454 559 511 Potest,
568 453 661 512 iuquit,
672 452 862 512 igitnrmedius
873 453 935 500 exi-

130 526 167 572 mi
178 537 277 581 versus,
288 522 332 581 qui
342 524 374 569 de
383 520 484 581 Pyrrho
493 521 642 579 importune
653 520 783 567 immissus
793 525 842 578 est,
859 529 935 577 quem

129 591 258 650 Virgilius
268 590 361 649 procul
371 588 450 635 dubio
459 593 619 646 exemturns,
630 588 724 648 inquit,
735 588 795 634 fuit.

371 733 557 785 CAPUT
592 731 696 785 xvn.

161 818 233 867 mem
243 816 271 861 oi
281 831 373 862 emssmn
383 824 406 861 et
415 819 479 876 proli
485 820 553 862 modo
561 816 704 861 Democritus
710 814 862 872 philosophus
868 814 935 858 lumi·

186 874 250 917 moses
260 877 378 918 oculorum
386 889 431 918 sese
436 873 579 931 privaverit:
596 880 619 915 et
628 886 694 929 super
704 886 733 915 eo
741 884 766 915 re
774 884 850 915 versus
860 870 935 914 Lube-

186 930 225 982 ris‘,
232 943 291 987 pure
299 935 422 977 Mmoaem
431 938 454 974 et
463 928 634 985 emutesueti.

168 1025 191 1070 1.
209 1024 385 1073 Democritum
396 1024 578 1084 philosophum
589 1023 616 1069 in
625 1021 799 1070 monumentis
808 1019 936 1069 historiae

134 1091 247 1138 Graecae
257 1093 382 1151 scriptum
391 1096 442 1151 est,
465 1092 549 1138 virum
560 1094 661 1149 praeter
671 1091 741 1137 alios
752 1090 937 1147 venerandum,

134 1159 338 1216 auctoritateque
353 1159 458 1217 mitique
471 1158 628 1218 praeditum,
648 1157 791 1204 luminibus
801 1157 938 1203 oculorum

134 1237 181 1270 sna
197 1227 288 1284 sponte
303 1225 472 1284 seminasse,
493 1225 555 1284 qnia
569 1225 743 1281 existimaret,
763 1223 937 1283 cogitationes

134 1291 413 1350 commentationesque
428 1292 507 1338 animi
518 1292 561 1340 sui
572 1293 599 1338 iu
610 1291 815 1349 contemplandis
826 1294 938 1337 naturae

134 1357 279 1404 rationibus
292 1358 440 1418 vegetiores
454 1362 481 1404 et
495 1360 642 1406 exactiores
651 1360 721 1417 tore,
743 1358 767 1404 si
777 1371 821 1404 eas
831 1357 938 1403 videndi

134 1425 268 1472 illecebris
282 1429 308 1472 et
321 1426 457 1472 oculorum
475 1426 664 1485 impedimentis
683 1425 827 1471 liberasset.
861 1427 887 1470 2.
905 1424 939 1470 ld

134 1493 230 1538 iactum
240 1491 305 1552 eins,
310 1494 462 1551 modumque
473 1493 566 1553 ipsum,
572 1507 622 1551 quo
634 1491 784 1539 eaecitatem
794 1492 872 1539 facile
881 1490 938 1538 aul-

133 1558 212 1605 lertia
227 1559 396 1606 subtilissima
411 1561 553 1619 conscivit,
573 1558 696 1606 Laberius
713 1561 791 1619 poeta
807 1558 835 1604 in
849 1559 938 1614 mimo,

134 1640 207 1684 quem
224 1626 330 1685 scripsit
340 1627 498 1683 Restionem,
518 1623 636 1674 uersibus
651 1626 754 1683 quidem
768 1627 833 1673 satis
842 1625 938 1674 munde

134 1696 210 1751 atque
224 1694 345 1753 graphice
360 1694 450 1753 factis,
472 1693 621 1753 descripsit3
642 1694 689 1740 sed
700 1707 803 1740 causam
813 1693 938 1740 voluuta-

133 1760 190 1807 riee
200 1761 334 1808 caecitatis
342 1761 416 1808 tinxit
426 1760 516 1809 aliem:
535 1762 663 1818 vertitque
674 1761 701 1808 in
713 1775 768 1809 eam
778 1773 842 1820 rem,
859 1773 938 1818 quens

134 1831 187 1873 tum
202 1830 305 1887 agebat,
324 1843 376 1876 non
391 1828 591 1878 inconcinniter.
626 1826 651 1877 3.
670 1831 718 1877 Est
731 1828 801 1875 enim
814 1842 939 1886 persons,

134 1907 199 1953 quae
217 1895 266 1942 hoc
285 1896 352 1954 apud
369 1896 507 1943 Laberium
527 1897 603 1952 dicit.
622 1897 711 1945 divitis
728 1894 802 1943 avari
815 1898 842 1941 et
854 1894 940 1954 parci,

135 1965 244 2008 sumtum
257 1963 395 2021 plurimum
411 1964 569 2021 asotiamque
589 1960 626 2028 [et
644 1958 852 2025 popinationem]
871 1962 938 2008 ado-

134 2029 256 2074 lescentis
267 2030 314 2075 tilii
324 2029 494 2089 deplorantis.
512 2093 515 2102 q
528 2034 554 2077 4.
572 2032 666 2077 Versus
677 2029 816 2078 Laberiani
826 2029 853 2078 hi
863 2034 939 2078 sunt:

167 2130 330 2188 Democritus
340 2129 484 2185 Abderites,
492 2130 618 2190 physs'eus
622 2130 800 2189 philosophus,

169 2197 291 2256 clypeum
301 2198 437 2244 constituit
445 2202 540 2243 eostre
548 2203 670 2243 exortum
678 2198 846 2258 Hypertouus,

168 2264 261 2310 Oculos
271 2264 386 2324 effodere
395 2270 425 2310 set
432 2271 526 2324 posset
532 2266 669 2323 splendore
678 2278 764 2311 aereo.

167 2330 214 2375 lta
223 2330 306 2377 redte
316 2331 380 2378 solis
390 2334 472 2378 aetem
481 2332 575 2393 effodit
583 2334 694 2391 terminis,

167 2395 250 2445 Melie
259 2397 320 2442 teoe
329 2411 385 2444 esse
393 2412 425 2443 ns
434 2400 536 2445 videret
543 2401 649 2446 risibus.

149 2505 152 2512 ,
168 2461 213 2509 δίο
223 2476 267 2522 ego
272 2463 403 2525 fulgentis
410 2465 572 2525 splendorem
579 2471 708 2525 pecuniae

172 2528 237 2575 roto
249 2526 385 2588 insincere
393 2534 502 2580 sattim
511 2535 599 2580 aetati
606 2547 697 2588 meoe5

167 2595 207 2643 Ns
216 2596 243 2642 ie
253 2610 284 2645 rs
293 2598 360 2645 tosa
369 2613 425 2647 esse
433 2602 536 2648 uideam
544 2598 745 2663 sequenfib‘ses
