2067 3034
329 154 411 201 nra.
437 151 496 201 xv.
532 152 622 199 car.
642 154 673 201 ar
856 148 907 212 aaa

105 272 243 323 literarum
257 269 408 331 disciplinas
423 269 507 317 serius
522 270 631 324 adeunt,
649 268 671 315 si
682 269 749 316 forte
759 267 837 316 iidem
847 283 907 329 gar-

106 341 161 389 ruli
172 344 264 385 natura
273 342 300 384 et
310 337 471 397 suburgutuli
482 340 554 391 sunt,
575 337 669 395 oppido
680 350 754 394 quam
764 339 827 384 bunt
836 337 863 383 iu
874 335 908 383 li-

108 413 222 456 terarum
237 407 412 452 ostentatione
426 405 509 463 inepti
527 406 552 449 et
563 404 661 449 frivoli.
696 407 721 449 2.
740 405 815 458 Quod
826 417 909 465 genus

110 476 230 537 prolecto
241 474 289 519 ille
298 474 374 519 bomo
385 474 433 530 est,
440 472 484 528 qui
495 472 526 518 de
537 470 670 529 petorritis
679 484 762 529 nuper
771 470 911 529 argutissi-

67 576 70 583 .
110 550 165 589 ruas
175 554 256 600 nugas
268 540 345 586 dixit.
381 542 404 585 3.
424 541 490 585 Nam
500 553 556 584 cum
566 541 742 597 quaereretur,
757 538 912 596 petorritum

114 608 187 667 quali
201 611 283 655 torma
297 607 458 664 vehiculum,
479 605 622 663 cuiatisque
635 604 743 663 linguae
757 605 912 653 vocabulum
974 625 978 634 ·

112 679 195 734 esset3
217 679 243 722 et
257 674 350 721 faeiem
366 673 481 720 vehiculi
494 673 634 719 ementitus
649 677 689 718 est
703 672 782 730 longe
800 672 912 718 alienam

113 745 270 802 ialsamque,
290 745 315 789 et
326 740 478 788 uocabulum
490 742 613 786 Graecum
625 752 683 785 esse
693 739 777 799 dixit,
796 743 872 797 atque
884 739 912 800 id

113 810 258 869 significare
275 809 394 855 volucres
410 810 481 854 rotas
494 807 681 865 interpretatus
696 810 752 854 est:
771 813 912 868 commuta-

112 882 192 935 taque
203 890 255 923 una
268 876 347 923 litera
358 879 514 935 pelorrltuna
528 887 584 920 esse
595 872 690 920 dietum
699 874 817 935 volebat,
836 873 912 932 quasi

111 950 282 1005 petorrotum.
310 946 341 989 4.
353 943 482 1001 Scriptum
492 942 570 987 etiam
579 942 629 987 hoc
639 953 696 987 esse
706 954 722 986 a
732 941 837 988 Valerio
846 941 913 988 Pro·

111 1013 145 1058 bo
157 1011 298 1058 contendit.
327 1013 349 1056 t.
363 1010 420 1068 Ego
431 1023 488 1055 cum
496 1007 575 1055 Probi
583 1008 680 1054 multos
691 1009 826 1054 admodum
836 1008 912 1055 Gom-

111 1079 298 1126 mentationum
312 1077 393 1123 libros
408 1075 584 1136 inquisierim‚
603 1089 687 1133 neque
701 1075 824 1134 seriptum
833 1074 861 1120 in
870 1074 913 1121 bis

112 1146 216 1207 inveni,
235 1160 283 1191 nec
301 1158 410 1202 usquam
427 1143 528 1201 alioqui
543 1143 654 1190 Probum
669 1142 804 1200 scripsisse
824 1142 913 1189 credo.

112 1216 138 1259 6.
155 1212 314 1263 Petorra'lam
324 1211 392 1257 enim
402 1215 442 1257 est
451 1224 504 1258 non
514 1224 549 1256 ex
559 1210 667 1256 Graecia
677 1209 851 1269 dimidiatum,
866 1209 914 1256 sed

112 1283 195 1327 totam
203 1279 378 1336 transalpibus
390 1274 523 1341 [taetumlz
542 1290 600 1323 nam
610 1281 651 1323 est
659 1290 712 1324 vox
724 1276 833 1323 Gallica.
851 1276 915 1322 ‘bid

114 1347 239 1406 seriptum
250 1350 290 1392 est
305 1347 333 1391 in
343 1345 410 1391 libro
420 1345 457 1391 M.
467 1344 593 1390 Varronis
604 1348 694 1401 quarto
705 1344 803 1390 decimo
815 1344 914 1396 Rerum

113 1415 279 1471 Divinarum3
299 1426 350 1470 quo
364 1413 392 1458 in
402 1413 462 1458 loeo
471 1413 569 1468 Varro,
585 1424 641 1457 cum
652 1412 682 1457 de
693 1411 818 1469 petorrita
829 1410 912 1457 dixis·

114 1484 161 1536 set,
173 1494 230 1527 esse
240 1481 267 1525 id
277 1482 381 1525 verbum
391 1479 529 1534 Gallicum,
541 1479 658 1524 lanceam
668 1491 768 1537 quoque
778 1477 913 1539 dixit,nou

113 1549 242 1604 Latinum,
252 1547 298 1594 sed
308 1546 477 1605 Hispanicum
485 1546 591 1592 uerbum
601 1559 669 1591 esse.

344 1680 365 1730 C
381 1679 404 1730 A
420 1678 443 1729 P
461 1678 485 1729 U
503 1679 528 1728 T
563 1677 680 1728 XXXI.

144 1746 205 1796 llatae
212 1746 283 1789 cerlo
293 1746 421 1801 legaverint
430 1745 519 1789 Rhodii
531 1749 564 1789 ad
571 1746 669 1789 lostam
679 1747 756 1789 ducem
765 1744 912 1795 Dnnetn'una,

172 1815 222 1845 cum
232 1803 261 1845 ab
271 1816 296 1845 eo
307 1802 467 1853 obsiderentur,
478 1815 545 1857 asper
553 1802 596 1845 illa
605 1801 695 1857 inclyta
703 1800 778 1857 Ialysi
785 1801 895 1855 imagine.

149 1879 172 1926 1.
190 1879 306 1926 Rhodum
321 1879 433 1925 insulam
443 1878 601 1925 celebritatis
612 1877 819 1935 antiquissimae,
839 1876 914 1939 oppl-

115 1946 224 2004 dumque
237 1947 265 1992 in
281 1960 312 1992 ea
325 1945 526 2005 pulcherrimum
535 1944 790 2004 ornatissimumque,
810 1945 914 1995 obside-

112 2016 158 2060 bat
168 2015 380 2072 oppugnabatque
386 2012 540 2069 Demetrius,
548 2012 601 2056 dux
612 2012 705 2058 aetatis
716 2024 778 2058 suae
789 2012 913 2070 inclytus,

113 2080 157 2127 cui
167 2094 183 2126 a
192 2080 288 2139 peritia
298 2080 484 2139 disciplinaque
496 2079 608 2127 lactendi
619 2078 723 2138 obsidii,
728 2079 915 2140 machinaturo-

113 2160 164 2205 que
178 2148 313 2204 sollertia,
332 2148 364 2193 ad
380 2146 504 2205 capienda
518 2146 613 2204 oppida
627 2148 797 2204 repertarum,
817 2157 915 2204 cogno-

113 2217 229 2262 mentum
243 2206 424 2277 Πολιορκητής·
439 2214 496 2260 luit.
531 2215 556 2258 2.
575 2214 640 2259 Tum
651 2212 686 2259 ibi
697 2213 723 2258 in
735 2211 869 2259 obsidione
880 2213 914 2274 il-

115 2282 144 2328 la
155 2281 230 2328 aedes
240 2282 360 2340 quasdam
370 2281 472 2338 publice
483 2282 574 2334 laetas,
585 2294 648 2337 quae
659 2282 737 2326 extra
745 2279 815 2326 urbis
825 2292 914 2326 muros

115 2362 173 2395 cum
184 2361 265 2407 parvo
275 2347 405 2407 praesidio
417 2349 498 2404 erant,
515 2349 622 2406 aggredi
632 2351 658 2394 et
669 2349 771 2393 vastare
780 2349 857 2404 atque
868 2348 914 2393 ab·

114 2428 215 2462 sumere
224 2415 279 2474 igni
289 2417 404 2473 parabat.
437 2417 460 2460 3.
478 2417 507 2460 ln
519 2415 560 2460 his
570 2415 675 2461 aedibus
686 2418 742 2460 erat
751 2414 914 2461 memoratis-

114 2482 181 2530 sima
190 2482 238 2529 illa
248 2483 332 2541 imago
343 2481 436 2541 Ialysi,
451 2481 607 2539 Protogenis
617 2496 692 2528 manu
704 2483 784 2541 facta,
799 2479 914 2528 illustris

113 2549 237 2609 pictoris3
256 2549 329 2597 cuius
345 2550 431 2608 operis
446 2550 664 2607 pulchritudinem
680 2549 913 2608 praestantiamque

114 2616 157 2662 ira
166 2617 278 2675 percitus
289 2617 394 2663 Rhodiis
404 2617 543 2664 invidebat.
577 2619 601 2663 l.
620 2618 729 2665 Mittunt
737 2617 832 2680 Rhodii
842 2617 914 2674 lega-

115 2687 159 2730 tos
169 2685 201 2730 ad
211 2685 370 2732 Demetrium
380 2684 486 2732 cumbis
497 2684 594 2733 verbis:
615 2688 694 2743 Quae,
709 2685 813 2742 malum,
828 2681 914 2740 inqui-
