2067 3034
148 156 183 208 52
401 153 511 204 aum
546 152 705 203 GELLH

148 275 286 325 Graeclam
307 274 380 323 domo
398 285 454 321 cm
463 265 700 330 proficiscebatur,
723 286 855 333 nunquam
873 274 959 321 minue

150 351 229 391 terna
239 349 288 391 not
297 348 427 404 quaterna
438 340 523 386 millia
533 339 661 385 bominum
671 341 853 400 sequebantur.
872 341 897 384 d.
908 341 959 386 At-

150 425 199 469 que
206 410 265 457 inde
272 409 342 456 inira
348 408 378 454 de
384 406 595 454 eodemGraocho
602 405 640 452 ita
647 406 763 466 rcripait:
771 408 958 467 Orarecoepit‚

150 483 181 525 at
196 492 224 526 ee
240 476 410 538 defenderent
425 474 573 532 literaeque
589 487 664 520 auce:
691 489 759 535 curre,
781 487 855 535 quem
868 472 960 521 virilia

151 559 233 594 eccae
244 551 296 590 tum
305 545 333 589 in
343 555 372 587 eo
387 547 503 600 tempore
513 539 638 601 babebat,
653 540 766 602 produci
774 541 862 602 tuear,
873 554 961 601 popu-

152 613 227 674 loque
236 608 422 659 commendavit
428 620 515 667 prope
519 605 600 667 fleat.

399 702 588 767 CAPUT
623 706 706 766 XIV.

181 793 247 841 Quod
262 789 298 834 M.
314 788 372 835 Cato
387 789 412 835 in
426 791 494 841 libro,
514 790 554 849 qni
571 790 694 847 inscriptus
712 798 747 836 est
763 800 866 835 coneus
880 800 958 835 emt·

207 857 280 892 11ch
295 858 419 892 exaltem
424 879 430 899 ‚
445 847 540 899 rtitirrea
550 847 708 890 vadimonium
714 861 758 904 per
771 846 883 891 ilicetum
892 847 959 893 dicte.

205 916 255 947 nou
263 903 371 948 stetisses:
391 903 478 962 eiusque
492 902 556 946 verti
564 903 625 946 mtto
636 904 735 947 reddito.

185 980 209 1026 l.
228 967 259 1025 Iri
270 978 338 1026 libro
351 982 441 1029 vetere
451 981 487 1028 M.
500 977 617 1037 Catonis,
633 979 677 1037 qui
693 977 844 1026 inscribitur
859 983 960 1028 Contra

155 1047 285 1094 Tiberium
301 1048 431 1108 exsulem,
453 1047 577 1105 scriptum
593 1045 631 1092 aio
642 1049 710 1093 erat:
731 1046 800 1104 Quae
809 1049 834 1094 ai
843 1047 960 1095 vadimo-

153 1117 223 1162 nium
237 1116 325 1175 capite
341 1117 461 1162 cboobcto
478 1108 609 1162 stitiarea?
643 1115 668 1159 2.
686 1115 766 1163 Recte
786 1113 834 1160 ille
848 1116 961 1164 atr'tiaaee

153 1180 273 1241 acripait:
293 1181 339 1228 aed
348 1182 411 1230 falci
421 1184 447 1228 et
457 1182 568 1228 audacer
578 1181 768 1238 emendatores,
779 1196 793 1228 e
803 1180 901 1241 scripto
912 1195 961 1242 per
977 1208 981 1215 ·

152 1249 246 1304 libros,
257 1251 374 1304 atetc'eaee
387 1250 511 1305 iecerunt,
522 1250 644 1307 tanquam
654 1251 765 1297 stitisace
774 1262 870 1297 vanum
880 1252 906 1296 et
915 1249 961 1296 ni·

151 1315 200 1363 hili
215 1317 323 1362 verbum
338 1317 417 1364 earet.
453 1318 477 1364 3.
498 1315 570 1370 Quin
585 1314 673 1374 potiua
687 1315 739 1374 ipri
752 1330 862 1373 nequam
877 1321 904 1363 et
918 1315 960 1363 ni·

151 1381 201 1429 hili
211 1385 286 1445 aunt,
306 1383 350 1442 qui
361 1383 493 1444 ignorant,
504 1385 614 1431 stitiaeea
624 1382 720 1429 dictim
730 1396 745 1429 a
756 1385 865 1442 Catone,
877 1396 959 1446 quou-

152 1449 204 1497 iam
218 1452 356 1500 sisteretur
366 1452 548 1510 vadimonium,
558 1463 612 1497 non
621 1456 749 1498 staretur.

413 1571 601 1625 CAPUT
636 1571 702 1626 XV.

181 1656 246 1706 Quod
254 1656 379 1716 antiquitus
389 1657 465 1702 aetati
471 1663 574 1702 senectae
580 1655 726 1712 potissimum
736 1654 813 1699 taciti
823 1662 878 1700 nmt
943 1658 963 1702 b‘

208 1713 317 1756 honores.-
336 1720 358 1757 et
373 1720 509 1772 nopotem
520 1716 554 1756 ad
561 1711 658 1756 maritos
668 1718 779 1767 etpatres
789 1712 908 1756 iidernt'rti
933 1727 960 1756 o·
1027 1722 1028 1725 ’

207 1782 274 1813 nores
284 1769 359 1814 delati
367 1769 429 1814 niret.-
448 1776 518 1828 atque
531 1768 565 1813 iti
573 1770 687 1826 quaedam
696 1771 722 1812 rie
732 1766 809 1825 capite
819 1768 962 1824 legislatio·

206 1827 314 1884 septimo.

186 1904 210 1949 1.
229 1902 302 1962 Apud
317 1901 514 1962 antiquissimae
530 1904 704 1949 Romanorum
720 1916 803 1961 neque
813 1898 904 1961 generi
914 1915 961 1949 ua-

151 1983 199 2028 que
210 1970 336 2028 pecuniae
347 1969 525 2029 praestantior
534 1970 619 2016 honor
629 1969 717 2025 tribui,
729 1982 805 2026 quam
815 1969 904 2030 aetati,
916 1983 962 2016 ao·

150 2036 229 2094 litua3
249 2036 413 2097 maioresque
424 2040 487 2083 natu
500 2050 515 2083 a
525 2037 668 2083 minoribus
679 2036 830 2082 colebantur
841 2035 961 2084 addeum

150 2117 231 2162 prope
241 2107 268 2150 et
277 2108 412 2162 parentum
423 2103 600 2163 vicem,atqne
611 2103 682 2150 omni
690 2102 718 2149 iu
729 2103 788 2150 loco
799 2102 877 2163 inque
888 2103 961 2150 omni

151 2170 237 2228 apecie
247 2171 357 2219 honoria
369 2170 471 2231 priores
481 2171 652 2230 potioresque
662 2170 754 2217 habiti.
790 2171 815 2214 2.
833 2171 856 2215 A
867 2171 961 2217 convi-

150 2237 194 2284 vio
205 2250 315 2298 quoque,
327 2242 356 2285 ut
366 2239 491 2298 scriptum
502 2241 543 2285 eat
553 2239 581 2285 in
591 2237 798 2297 antiquitatibus,
815 2237 934 2285 seniores
945 2250 961 2285 a

149 2304 293 2351 minoribus
308 2305 410 2352 domum
425 2305 628 2365 deducebantur,
649 2302 756 2364 eumque
769 2317 962 2351 moremacce-

150 2371 221 2431 piare
242 2372 371 2418 Romanoa
397 2372 645 2420 abecedaemoniia
664 2371 787 2418 traditum
804 2373 862 2419 eat:
891 2373 961 2431 apud

153 2452 226 2498 quoa,
244 2438 356 2498 Lycurgi
367 2439 485 2502 legibue,
499 2440 585 2487 maior
595 2439 708 2486 omnium
717 2452 803 2486 rerum
813 2438 897 2485 bonor
907 2453 963 2485 ma-

152 2506 207 2553 iori
217 2505 296 2553 aetati
307 2505 458 2553 habebatur.
495 2511 520 2554 3.
536 2507 589 2553 Sed
597 2510 732 2566 postquam
742 2505 846 2552 aubolea
857 2505 963 2552 civitati

151 2573 302 2620 necessaria
312 2571 369 2620 vira
380 2575 433 2633 eat,
449 2574 518 2621 etad
528 2574 629 2633 prolem
640 2573 732 2632 populi
744 2573 962 2631 frequentandam

151 2640 275 2700 praemiis
285 2641 362 2700 atque
374 2639 554 2688 invitamentis
563 2654 626 2687 naua
637 2640 698 2686 tuit:
714 2644 767 2687 tum
779 2640 890 2686 antelati
900 2640 961 2697 qui-

151 2707 257 2755 busdam
272 2707 300 2754 in
313 2709 404 2767 rebua,
423 2707 468 2767 qui
477 2721 590 2771 uxorea,
610 2706 705 2766 quique
716 2708 814 2754 liberor
824 2706 962 2771 habereut,'
