2067 3034
158 163 210 218 8⁹⁰
409 164 518 212 sum
554 163 715 212 GELLII

158 286 223 333 adeo
239 283 317 333 Probi
331 282 490 343 grammatici
504 282 704 330 commentarius
720 282 784 331 satis
800 282 908 330 curiose
930 285 972 330 fa-

156 359 212 401 ctus
228 353 267 399 Dc
280 353 384 399 occulta
397 351 531 396 literarum
546 351 735 409 significatione
750 353 932 418 epistularum·
942 354 971 396 C.

155 420 274 467 Caesaris
288 418 449 476 scriptarum.
485 421 509 462 ti.
533 419 734 464 Lacedaemonii
750 426 836 465 autem
852 424 969 480 veteres,

155 503 213 534 curn
226 486 390 534 dissimulare
405 488 431 530 et
445 486 577 531 occultare
588 485 679 532 literas
689 486 794 542 publice
806 487 839 531 ad
850 486 968 543 impera-

153 559 226 601 tores
236 567 298 599 suos
308 552 400 597 missas
411 551 545 610 volebant,
564 566 613 615 ne,
631 552 695 598 siah
706 553 826 598 hostibus
836 556 969 610 exceptae

154 624 256 681 forent,
275 618 386 665 consilia
394 630 443 663 sua
454 623 636 677 noscerentur,
654 618 779 677 epistolas
789 620 815 665 id
825 633 915 677 genus
926 621 968 666 la-

154 692 210 734 ctas
219 687 364 733 mittebant.
392 685 417 729 l.
432 685 536 730 Surculi
548 687 599 732 duo
610 690 684 732 erant
693 688 800 747 teretes,
811 686 967 745 oblonguli,

153 753 211 813 pari
222 756 404 811 crassamento,
423 752 588 809 eiusdemque
598 753 784 813 longitudinis,
806 753 908 808 derasi,
925 758 966 802 at·

153 836 203 879 que
218 820 305 867 ornati
323 819 507 877 consimiliter;
535 823 560 864 8.
580 834 646 866 unus
660 820 966 879 imperatoriinbellum

152 887 328 948 proficiscenti
338 887 453 942 dabatur,
460 887 572 950 alterum
581 886 650 933 domi
659 888 823 945 magistratus
834 901 894 933 cum
904 888 966 935 iura

153 958 229 1012 atque
240 969 298 1000 cum
308 955 382 1012 signo
398 954 534 999 habebant.
569 956 592 997 9.
612 955 723 1007 Quarrdo
734 968 795 1000 usus
806 959 920 1001 venerat
928 956 966 1001 li-

154 1028 267 1069 terarum
276 1021 453 1081 secretiorum,
465 1021 561 1065 circum
573 1034 630 1066 eum
639 1023 770 1067 surculum
780 1023 865 1068 lorum
875 1024 966 1069 modi-

155 1103 201 1136 αθ
214 1088 364 1143 tenuitatis,
384 1088 490 1145 longam
505 1090 603 1144 autem,
623 1093 745 1145 quantum
757 1089 797 1134 rei
811 1090 876 1135 satis
896 1095 964 1146 erat,

155 1157 352 1215 complicabant,
360 1154 492 1200 volumine
501 1154 614 1200 rotundo
625 1159 651 1200 et
659 1156 787 1214 simplici;
798 1156 836 1201 ita
847 1157 887 1202 uti
898 1170 964 1205 orae

154 1225 291 1270 adiunctae
301 1221 413 1277 undique
424 1223 451 1265 et
461 1221 628 1274 cohaerentes
639 1222 704 1281 lori,
720 1224 788 1280 quod
802 1224 963 1285 plicabatur,

155 1291 266 1336 coirent.
302 1291 342 1334 ltl.
359 1287 461 1333 Literas
476 1286 569 1334 deinde
585 1288 612 1334 in
625 1303 657 1335 eo
669 1290 727 1335 loro
739 1304 785 1348 per
794 1294 962 1337 transversas

156 1358 330 1403 iuncturarum
348 1368 416 1413 oras,
435 1354 554 1401 versibus
571 1369 587 1400 a
601 1369 697 1402 summo
711 1357 744 1402 ad
758 1357 837 1404 imum
856 1358 963 1416 protici-

146 1415 295 1482 sceutibua,
304 1422 494 1468 inscribebant:
518 1423 559 1468 ll.
571 1422 597 1466 id
606 1424 691 1468 lorum
700 1424 786 1470 literis
796 1426 835 1471 ita
845 1425 961 1482 perscri-

148 1491 206 1555 ‚ptis
219 1491 368 1536 revolutum
381 1502 415 1535 ex
428 1490 535 1535 surculo
550 1489 714 1549 imperatori,
734 1492 872 1538 commenti
883 1493 960 1538 illius

148 1558 273 1614 ‚conscio,
294 1557 445 1603 mittebant:
483 1558 521 1601 12.
540 1557 667 1603 resolutio
687 1562 774 1605 autem
794 1560 847 1605 lori
867 1560 960 1605 literas

153 1626 257 1670 trancas
275 1627 351 1680 atque
366 1622 471 1669 mutilas
486 1624 620 1682 reddebat3
638 1627 801 1683 membraque
821 1640 915 1671 earum
934 1631 960 1671 et

152 1691 240 1750 apices
254 1691 282 1736 in
292 1693 378 1748 partes
388 1690 577 1736 diversissimas
588 1694 733 1749 spargebat.
769 1695 808 1739 13.
830 1694 959 1751 Propter-

64 1749 67 1754 ’
151 1758 217 1805 easi
227 1758 254 1804 id
264 1759 350 1804 lorum
364 1757 392 1803 in
406 1770 497 1802 manus
511 1758 626 1804 hostium
645 1759 783 1814 inciderat,
802 1760 871 1806 oihil
881 1761 959 1818 quid-

152 1840 228 1884 quam
237 1825 380 1871 coniectari
390 1838 422 1871 ex
434 1838 465 1869 eo
480 1825 577 1883 scripto
587 1826 684 1882 quibat.
721 1828 761 1871 14.
781 1828 832 1873 Sed
842 1827 887 1873 ubi
900 1828 956 1884 ille,

150 1894 184 1939 ad
193 1908 267 1951 quem
279 1894 335 1938 erat
343 1892 458 1951 missum,
469 1897 612 1950 acceperat,
623 1893 728 1940 surculo
740 1894 863 1952 compari,
880 1909 957 1951 quem

150 1962 267 2018 habebat,
279 1961 363 2018 capto,
380 1959 411 2004 ad
421 1960 505 2017 finem,
525 1960 632 2016 perinde
642 1964 671 2005 ut
679 1961 771 2007 debere
781 1961 837 2007 fieri
847 1961 958 2016 sciebat,

150 2028 373 2086 circumplicabat:
393 2029 469 2083 atque
483 2026 523 2070 ita
536 2026 631 2073 literae
647 2041 693 2085 per
705 2029 830 2074 ambitum
846 2029 958 2076 eundem

149 2095 250 2161 qurculi
262 2095 438 2141 coalescentes
448 2106 549 2139 rursum
561 2094 676 2150 coibant;
691 2094 870 2153 integramque
880 2100 908 2141 et
918 2097 959 2142 in·

148 2166 299 2220 ‚corruptam
313 2161 450 2224 epistolam
465 2164 491 2205 et
509 2160 612 2205 facilem
630 2160 683 2218 legi
701 2165 876 2218 praestabant.
917 2166 958 2209 15.

152 2231 209 2275 Hoc
218 2242 299 2286 genus
307 2227 636 2285 epistolaeLacedaemonii
644 2223 770 2285 σκυτάλην
778 2231 957 2287 appellabant.

151 2298 193 2356 16.
210 2296 367 2352 Legebamus
377 2294 403 2338 id
412 2307 512 2351 quoque
523 2294 550 2339 in
560 2297 649 2340 vetere
658 2295 768 2341 historia
776 2310 864 2344 rerum
873 2298 958 2343 Puni-

131 2374 252 2420 carum,
271 2362 354 2406 virum
373 2361 485 2407 indidem
505 2362 649 2419 quempiam
666 2362 797 2408 illustrem
817 2360 889 2425 (sire
906 2366 956 2411 ille
1018 2391 1019 2408 1

150 2424 310 2485 Hasdrubal,
327 2428 384 2472 sive
394 2427 451 2484 quis
466 2428 536 2473 alius
547 2427 600 2487 est,
617 2442 670 2474 non
680 2425 801 2490 retineo).
813 2431 956 2487 epistolam

151 2492 273 2549 scriptam
292 2507 369 2549 super
388 2494 464 2538 rebus
482 2494 585 2540 arcanis
604 2495 654 2541 hoc
671 2494 747 2540 modo
767 2497 954 2547 abscondisse:

151 2559 191 2604 tt.
202 2557 343 2615 pugillaria
352 2572 427 2616 nova,
437 2560 549 2605 nondum
561 2561 638 2606 etiam
648 2575 707 2607 cera
717 2561 795 2621 illita,
806 2565 954 2622 accepisse,

70 2649 74 2656 ·
151 2623 241 2668 literas
256 2623 283 2668 in
298 2624 396 2681 lignum
409 2625 545 2684 incidisse,
564 2632 653 2684 postea
663 2628 776 2684 tabulas,
796 2630 835 2674 uti
845 2632 953 2678 solitum

152 2692 203 2751 est,
223 2703 280 2736 cera
290 2690 440 2738 colleriase:
461 2706 556 2750 easque
571 2695 671 2741 tabulas
685 2699 805 2753 tauquam
819 2710 873 2744 uon
885 2698 951 2745 scri·
