2067 3034
118 145 169 196 liii
372 145 480 193 nuni
516 144 675 190 annali

119 280 174 314 ces:
192 267 281 325 intra,
296 265 381 325 eitra,
395 263 480 320 altra,
497 262 590 323 quibus
603 261 668 311 certi
678 264 798 311 locorum
807 265 869 311 fines
880 266 928 313 de·

118 338 303 391 monstrantur,
315 330 491 391 singularibus
502 331 569 389 apud
578 335 680 378 veteres
690 331 797 391 syllabis
808 333 927 392 appella-

119 405 220 461 bantur,
230 405 264 458 ln,
274 404 320 460 eis,
335 401 384 446 uls.
420 401 444 444 8.
464 399 520 444 liae
538 399 631 445 deinde
645 399 789 457 particulae
803 401 929 457 quoniam

121 482 201 528 parvo
212 470 359 527 exiguoque
374 466 461 512 sonitu
472 465 608 511 obscurius
618 468 818 525 promebantur,
838 469 929 515 addita

123 540 162 582 est
173 529 256 582 tribus
267 534 383 580 omnibus
394 529 482 580 eadem
492 532 594 591 syllaba
604 531 613 579 ι’
631 535 657 579 et
668 534 737 591 quod
746 533 880 581 dicebatur
889 540 928 585 eia

125 605 245 663 Tiberim,
256 605 282 648 et
291 602 331 648 uls
342 602 464 660 Tiberim,
480 599 533 645 dici
544 603 662 659 coeptum
672 604 712 646 est
720 603 791 647 citra
804 602 928 660 Tiberim,

122 676 148 716 et
157 672 231 716 ultra
244 670 368 715 Tiberim:
387 668 460 729 item,
479 667 547 725 quod
562 670 618 713 erat
631 669 668 726 in,
688 666 825 713 accedente
836 671 929 717 eadem

122 738 231 795 syllaba,
242 740 315 781 intra
326 736 420 782 lactum
430 738 477 780 est.
497 736 521 779 9.
531 730 598 779 Sunt
608 747 670 793 ergo
682 734 744 780 haee
754 734 842 782 omnia
851 738 928 793 quasi

123 803 284 849 contermina
303 802 399 848 iunctis
417 802 487 847 inter
504 814 532 846 se
547 800 639 849 finibus
656 800 833 849 cohaerentia:
851 805 928 851 intra

121 872 251 930 oppidum,
267 870 340 915 ultra
351 870 479 930 oppidum,
494 872 566 914 eitra
578 870 698 928 oppidum
702 883 715 928 ,·
734 882 768 916 ex
782 870 875 927 quibus
885 874 928 918 in,

121 946 176 999 tra,
189 937 267 983 sicuti
279 937 345 997 dixi,
361 939 388 983 in
398 936 535 996 significat.
572 939 613 981 lo,
631 937 698 981 Nam
712 935 835 994 qui-dicit
847 940 924 988 intra

121 1006 255 1064 oppidum,
267 1007 340 1050 intra
349 1006 498 1063 cubiculum,
508 1002 689 1064 rialraseriaa,
703 1016 757 1049 non
768 1002 831 1051 dicii
841 1005 924 1064 aliud,

121 1073 347 1131 quamianppido‚
369 1071 538 1126 lacessiones,
555 1070 678 1131 inferire.
715 1072 755 1115 11.
775 1071 854 1117 Intra
864 1075 929 1121 Ka.

120 1141 212 1186 landas
222 1140 302 1198 igitur
313 1141 438 1185 nonnose
448 1137 584 1183 Kalendas
595 1139 643 1198 est,
660 1136 705 1182 sed
715 1138 742 1182 ln
752 1139 889 1204 Kalendis,
898 1141 928 1187 id

121 1213 170 1263 est,
179 1221 210 1254 eo
221 1208 277 1265 ipso
289 1205 345 1260 die,
364 1219 414 1263 quo
425 1204 560 1252 Kalendae
571 1206 639 1250 sunt.
676 1207 715 1251 12.
734 1206 822 1263 ltaque
835 1220 928 1254 secun.

121 1275 179 1320 dum
190 1273 261 1319 verbi
273 1272 355 1330 ipsius
365 1273 502 1330 rationem,
509 1271 553 1328 qni
563 1270 647 1317 iussus
659 1274 699 1317 est
709 1271 782 1316 intra
788 1274 928 1323 Kalendas

122 1339 306 1399 pronuntiare,
333 1338 385 1385 nisi
406 1339 532 1386 Kalendis
551 1338 717 1397 pronuntiet,
743 1343 834 1387 eontra
851 1356 929 1390 usum

120 1409 194 1454 vocis
205 1407 277 1453 lacit.
314 1407 353 1452 13.
372 1408 447 1467 Nam,
459 1406 479 1452 si
492 1410 552 1452 ante
563 1405 590 1450 id
600 1406 651 1463 fiat,
662 1419 714 1450 nou
724 1409 798 1452 intra
808 1422 928 1465 pronun·

121 1475 178 1525 liat.
189 1474 234 1520 sed
244 1476 323 1520 eitra.
348 1475 387 1520 14.
400 1474 494 1522 Nescio
507 1486 557 1531 quo
569 1477 652 1518 autem
665 1475 741 1531 pacto
752 1480 857 1534 recepta
866 1477 927 1523 vul·

122 1557 155 1599 go
166 1541 348 1599 interpretatio
360 1542 400 1587 est
411 1540 609 1595 absurdissima,
622 1543 651 1585 ut
660 1543 733 1587 intra
741 1542 880 1592 Kalendas
890 1545 928 1590 si·

122 1609 244 1666 grriticare
260 1608 379 1654 videatur
389 1608 467 1654 etiam
477 1611 549 1654 citra
559 1607 694 1655 Kalendas
704 1608 745 1654 rel
755 1617 816 1655 ante
826 1612 928 1657 Kalen·

122 1676 185 1720 dur:
203 1675 269 1720 nihil
282 1675 351 1720 eninr
361 1677 440 1721 ferme
450 1675 568 1721 interest.
606 1675 644 1720 15.
664 1676 746 1734 Atque
761 1675 867 1735 insuper
878 1679 927 1724 du-

121 1742 232 1803 bitatur,
255 1749 288 1787 an
302 1750 364 1789 ante
378 1743 515 1789 Kalendas
532 1754 633 1799 quoque
646 1743 810 1801 pronuntiari
827 1746 928 1803 possit:

120 1811 223 1868 quando
237 1822 318 1867 neque
333 1811 404 1856 ultra
418 1823 499 1867 neque
515 1809 594 1862 eitra.
614 1809 672 1867 sed,
692 1809 760 1867 quod
774 1809 843 1859 inter
860 1812 930 1874 haee

119 1877 232 1923 medium
242 1880 296 1937 est,
316 1878 389 1922 intra
400 1878 549 1932 Kalendas,
567 1874 652 1936 idest,
671 1877 799 1925 Kalendis
810 1893 927 1937 pronun·

119 1944 234 1990 tiendum
244 1943 286 1989 sit.
325 1946 363 1989 lo.
383 1944 435 1990 Sed
449 1943 573 1989 nimirum
589 1943 747 1989 consuetudo
763 1946 839 1992 vicit:
858 1962 926 2005 quae

121 2024 177 2057 aum
189 2011 301 2057 omnium
313 2011 417 2057 domina
428 2025 528 2073 rerum,
544 2013 598 2055 tum
606 2011 718 2057 maxime
730 2014 866 2060 verborum
877 2020 927 2062 est.

122 2080 161 2123 l'l
181 2079 203 2123 1⁴
206 2092 220 2123 a
230 2076 317 2123 omnia
327 2092 383 2123 eum
393 2077 554 2137 Apollinaris
564 2076 629 2122 scite
641 2091 763 2137 perquam
772 2083 849 2139 atque
860 2097 928 2139 enu,

120 2145 203 2191 dicate
214 2144 408 2203 disputavisset,
423 2146 476 2190 tum
487 2158 535 2204 ego
545 2144 608 2190 haec
620 2144 689 2192 dixi:
711 2148 821 2204 cordi,
814 2163 928 2212 mquam,

120 2211 184 2257 mihi
194 2210 251 2272 urit,
262 2211 410 2270 priusquam
421 2213 453 2258 ad
462 2212 505 2259 te
498 2225 573 2271 rtem,
588 2223 714 2269 quaerere
725 2214 926 2276 explorareque,

120 2290 233 2334 quonam
246 2278 322 2324 modo
332 2281 434 2325 veteres
443 2280 529 2326 nostri
539 2278 668 2357 particula
681 2278 746 2342 ista,
767 2284 858 2339 quade
869 2288 927 2342 agi·

121 2351 175 2400 tur,
193 2343 237 2389 nsi
254 2344 319 2401 sint;
339 2348 414 2404 atque
430 2345 489 2392 ita'
482 2345 628 2393 invenimus
640 2346 774 2393 Tullium
767 2363 795 2396 ιιι
806 2350 884 2397 tertia
896 2353 928 2399 ln

122 2409 230 2455 Verrem
241 2410 376 2469 seripsiase
387 2412 437 2459 isto
447 2413 540 2460 modo:
558 2412 642 2467 Locus
656 2417 729 2460 intra
740 2431 861 2464 oceanum
872 2421 929 2465 lam

122 2473 208 2523 annae
218 2481 264 2526 ert
280 2490 359 2536 arque
370 2485 425 2525 tam
436 2480 597 2541 longinquas,
612 2495 693 2541 neque
704 2487 758 2528 tana
768 2489 929 2543 reconditus,

123 2556 173 2601 qao
188 2556 238 2587 non
249 2556 300 2601 per
315 2543 381 2591 haee
398 2549 520 2605 tempora
539 2553 688 2595 nostrorum
701 2548 828 2598 lentinum
848 2553 930 2600 libido

48 2609 53 2624 ‘
122 2610 298 2668 torquatosque
305 2616 465 2666 pervaserat
502 2617 542 2660 18
562 2613 853 2680 Intraoeeamondicit‚
864 2635 930 2668 con-

122 2678 163 2720 tra
180 2673 308 2720 rationem
326 2677 408 2738 tuam5
429 2692 482 2727 non
501 2682 571 2727 enim
590 2682 655 2741 ruit,
675 2684 777 2747 opinor,
799 2686 885 2735 dicere
903 2694 931 2734 iu
