2067 3034
163 131 216 183 uos
414 135 522 182 suns
558 105 716 182 onnon

164 255 194 301 in
203 266 236 300 eo
245 252 351 300 nomine
361 252 470 313 syllaba,
478 254 571 299 contra
580 267 656 312 quam
664 266 742 312 snpra
752 252 847 300 dietum
857 257 907 310 est,
915 268 974 302 cor·
1025 229 1026 232 Ἴ

163 321 284 382 ripienda
298 320 345 381 sitq
365 321 438 368 cuius
454 320 555 367 sonitus
565 324 660 377 quanta
670 320 738 379 apud
748 324 849 368 veteres
859 322 888 367 in
898 322 981 368 dilie-=

163 390 249 437 tentia
259 388 302 447 sit,
312 388 401 434 notius
411 389 460 448 est,
477 402 552 445 quam
562 389 676 446 ut'plura
684 388 713 433 in
723 387 750 434 id
759 390 838 435 verba
848 390 980 436 tumendo¹

167 458 228 505 sint.
264 458 305 502 18.
324 455 423 502 Ennius
434 457 520 501 autem
529 455 558 500 in
568 455 651 514 primo
661 455 760 501 Annali
768 455 797 501 in
806 457 855 503 hoc
865 468 959 503 uersu:

199 548 234 561 ··-
242 547 278 559 -
287 524 423 570 Nerienem
433 523 564 569 Mavortis
574 530 600 567 et
610 522 741 580 Herodem,

166 591 200 654 si,
210 591 278 649 quod
287 590 393 638 minime
403 589 479 648 solet,
489 603 626 635 numerum
636 590 758 649 servavit,
769 589 879 651 primam
889 591 975 649 sylla-

166 662 226 707 bam
246 657 373 714 intendit,
391 656 496 704 tertiam
515 657 634 715 corripit.
670 657 710 703 19.
728 658 766 704 Ac
779 672 813 706 ne
826 658 854 704 id
870 658 980 716 quidem

166 725 422 788 praetermittendum
437 727 515 783 puto,
535 724 692 771 cuicuimodi
708 726 759 781 est,
778 725 847 782 quod
861 725 890 771 in
904 738 976 771 com·

110 837 113 842 ,
166 793 295 843 mentatio
310 792 421 851 quodam
434 791 521 839 Servii
532 791 634 838 Claudii
647 790 772 850 scriptum
789 787 974 856 inveni[n1usl,

166 862 248 909 Nerio
258 860 354 907 dictum
366 858 440 918 quasi
448 860 554 917 Nci’rio,
566 858 617 906 hoc
627 859 681 915 est,
695 859 753 904 sine
763 858 803 905 ira
813 862 838 906 et
848 873 907 905 cnm
917 860 975 917 pla-

168 927 288 976 ciditate:
306 928 336 975 ut
349 941 380 974 eo
391 926 496 973 nomine
505 926 594 973 mitem
603 926 822 983 tranquillumque
834 926 891 972 lieri
899 928 976 973 Mar·

167 999 373 1056 tempreoemur3
393 994 504 1041 necuim
515 993 656 1053 particula,
670 995 700 1039 ut
712 994 782 1051 apud
793 994 922 1055 Graecos,
937 994 976 1042 itu

167 1064 318 1123 plerumque
328 1062 356 1110 in
365 1061 459 1109 Latina
468 1074 567 1120 quoque
578 1060 676 1121 lingua,
686 1060 816 1120 privativa
825 1063 873 1107 est.

400 1227 586 1283 CAPUT
621 1225 744 1284 mn.

195 1330 230 1374 Μ,
242 1329 349 1382 Catonis,
369 1330 494 1374 comior&
503 1317 528 1375 et
536 1328 637 1383 censorii
654 1330 812 1387 puleio-rima
821 1331 974 1389 exprobratio

225 1394 308 1432 matra
313 1387 505 1444 philosophantes
513 1387 612 1439 nonum,
623 1394 647 1433 et
654 1399 702 1431 non
710 1402 741 1432 re.

177 1495 180 1500 ·
203 1483 228 1528 i.
246 1482 282 1528 Μ.
293 1483 366 1541 Cato,
381 1481 528 1528 consularis
538 1485 565 1530 et
574 1482 721 1546 censorius,
736 1483 846 1543 publicis
857 1483 911 1529 iam
920 1482 978 1543 pria

168 1549 287 1607 vatisque
297 1550 427 1607 opulentis
437 1550 522 1609 rebus,
531 1550 611 1597 villas
622 1563 681 1597 suas
691 1550 838 1598 inexcultas
849 1553 876 1597 et
885 1552 974 1613 rudes,

167 1629 201 1663 ne
211 1616 321 1665 tectorio
333 1616 434 1673 quidem
444 1617 567 1675 praelitas
579 1618 659 1664 fuisse
670 1618 734 1666 dicit
744 1618 776 1665 ad
787 1632 882 1664 annum
892 1621 977 1676 usqua
1022 1645 1026 1656 ·

170 1682 264 1729 aetatis
280 1695 341 1729 suae
356 1684 581 1742 septuagesimum.
615 1686 700 1742 Atque
714 1685 751 1732 ibi
761 1688 852 1745 postea
862 1686 904 1732 his
914 1691 978 1732 ueri

168 1751 208 1797 b'is
218 1750 312 1797 utitur:
328 1750 416 1811 Neque
426 1751 494 1806 residi,
505 1752 600 1810 inquit,
611 1749 768 1815 notificatio,
780 1766 978 1815 nequeuntem,

167 1832 250 1880 neque
264 1819 439 1865 uestimentum
454 1820 534 1866 ullum
544 1826 584 1867 eat
595 1822 622 1866 s’n
633 1835 710 1866 anana
716 1824 871 1881 pretiosum,
890 1834 979 1881 aeque·

162 1886 297 1949 pretiosus
316 1898 414 1948 aeroas,
434 1900 515 1947 neque
535 1887 643 1934 ancilla.
680 1888 711 1936 st
729 1888 855 1949 quidest,
877 1888 973 1950 inquit,

167 1955 237 2015 quod
244 1959 316 2011 utar,
330 1957 391 1999 ator
396 1966 408 2013 ,·
426 1956 451 2000 si
459 1968 509 2000 non
518 1962 566 2011 est,
581 1970 650 2014 egeo.
685 1956 764 2002 Suum
774 1957 866 2017 cuique
873 1970 926 2015 per
935 1970 979 2001 ma

166 2025 208 2069 ati
216 2021 362 2083 utquefrui
369 2021 438 2067 lieet.
473 2021 539 2067 Tum
556 2022 650 2069 deinde
664 2021 749 2068 addit:
769 2021 838 2069 Vitio
854 2028 973 2078 uertunt,

166 2090 230 2151 quia
239 2089 323 2135 malta
333 2102 392 2148 egeo
398 2102 412 2148 ,·
429 2095 460 2135 at
470 2102 515 2149 ego
526 2090 594 2151 illia,
613 2092 675 2150 quia
689 2096 913 2152 nequeuntegere.
949 2093 979 2137 Ζ

148 2201 149 2204 ,
165 2156 237 2202 liaeo
249 2168 321 2203 mera
334 2155 431 2202 veritas
447 2156 591 2203 Tusculani
603 2155 729 2213 hominis,
748 2171 824 2215 egere
838 2170 867 2203 se
881 2157 979 2204 multis

165 2226 256 2282 rebus,
276 2224 303 2268 et
316 2222 384 2268 nihil
395 2225 480 2269 tamen
492 2237 585 2281 cupere
598 2223 723 2285 dicentis,
741 2224 800 2283 plus
810 2223 899 2271 hes-cle
910 2235 975 2283 pro-

165 2292 253 2337 movet
271 2288 304 2335 ad
322 2289 509 2337 exhortandam
528 2290 723 2350 parsimoniam,
744 2291 974 2349 sustinendamque

167 2355 290 2413 inopiam,
296 2357 488 2413 quamGraecae
499 2356 608 2407 istorum
619 2359 784 2417 praestigiae,
789 2359 977 2417 philosophari

166 2434 223 2468 sese
234 2421 383 2482 dicentium,
397 2417 550 2482 umbrasque
559 2427 696 2472 uerborum
706 2426 796 2472 inance
806 2427 972 2485 fingentium

166 2488 210 2544 qui
224 2499 252 2532 se
272 2487 340 2533 nihil
353 2489 461 2552 habero,
481 2488 508 2537 ct
521 2491 589 2537 nihil
601 2494 688 2539 tamen
704 2506 789 2551 egere,
809 2505 839 2539 ac
849 2493 974 2539 nihilon-

164 2552 342 2665 geretdicuno
362 2569 421 2604 oum
433 2559 460 2605 et
472 2558 590 2606 habendo
606 2560 634 2606 et
642 2560 742 2619 egendo
754 2562 781 2606 e't
790 2559 920 2618 cupiendo
931 2574 974 2607 as-

182 2634 230 2665 ean
243 2651 250 2666 .
