2067 3034
152 98 204 152 306
404 98 515 146 Auni
551 97 711 147 onaan

151 216 340 287 facetissimum
350 216 517 280 comicorum,
527 217 668 276 Euripides
678 218 836 278 Aeschylum
850 219 966 266 insecta·

150 280 291 334 tusest?'
281 285 398 332 cumait:

184 351 235 406 Δὶς
243 347 293 398 ταῦ
294 347 340 399 τὸν
348 347 449 413 ἡμῖν
420 349 489 398 εἶπεν
499 344 514 398 ὅ
529 344 610 436 copie
618 345 758 410 Αῑσχνὶος.

180 414 292 466 'Ham
261 434 311 484 γαρ
321 416 400 498 ‘i‘
366 433 422 496 μην,
433 417 505 482 φησὶ,
515 416 559 465 καὶ
568 419 734 483 κατέρχομαι.

178 482 250 534 Ἥκω
261 485 289 534 δὲ
299 480 393 533 ταύτόν
404 484 504 531 ἔστι
468 501 503 547 ορ
514 486 682 549 κατέρχομαι.

184 550 228 617 Νη
239 548 285 600 τᾶν
294 547 343 601 Δί’
345 586 353 614 ,
365 547 448 630 ὥσπερ
459 552 483 599 sl
490 569 530 607 τις
540 554 607 600 εἴποι
617 553 723 630 γείτονι,

183 620 293 686 Χρῇσον
302 614 333 667 οὐ
341 614 467 684 μάκτραν,
478 619 501 667 sl
512 617 541 667 dt
550 616 640 682 βούλει
649 614 791 683 καρδοποκ.

149 698 174 741 8.
193 693 361 747 Nequaquam
373 702 452 746 vero,
470 688 556 748 inquit
569 690 632 751 ille,
651 689 861 747 taliavident'ur,
882 692 959 748 quale

148 763 191 808 est
205 750 307 819 μάκτρα
318 755 361 802 καὶ
375 750 515 820 κάρδοπος,
535 770 601 815 quae
611 757 655 802 rel
666 758 778 816 appetis
789 758 834 804 vel
845 758 961 806 oratori·

148 832 199 874 bus
210 825 316 870 Graecis
329 825 477 882 nostrisque
487 825 658 872 celebrandae
669 826 696 870 et
705 826 838 872 ornandae
847 826 889 871 rei
899 840 959 885 gra-

148 895 188 942 tia
200 894 301 939 duobus
315 892 406 939 eadem
419 892 569 951 pluribusve
584 892 733 939 nominibus
749 896 959 951 frequentantur.

148 966 174 1009 o.
193 959 262 1014 Quid
277 959 372 1021 igitur,
391 960 476 1017 inquit
490 961 652 1019 Favorinus,
670 960 743 1007 valet
755 960 820 1007 haec
832 961 959 1020 repetitio
1013 1001 1016 1007 .

148 1027 359 1087 instauratioque
369 1027 486 1073 eiusdem
494 1028 535 1074 rei
545 1030 592 1075 sub
602 1027 657 1074 alio
666 1028 781 1087 nomine,
791 1029 821 1075 in
828 1030 960 1076 ααιιαῠιῖε

148 1101 178 1145 et
186 1102 214 1144 ιἰι
219 1092 346 1155 praeda?
372 1096 440 1141 Num
450 1097 541 1152 ornat,
553 1098 582 1141 ut
592 1095 694 1152 alioqui
703 1096 782 1152 solet,
797 1096 960 1144 orationem?

148 1167 218 1212 Num
226 1176 283 1210 eam
292 1162 488 1209 modulatiorem
501 1162 681 1221 aptioremque
689 1164 792 1211 redditi
815 1166 884 1211 Num
894 1178 961 1211 one-

150 1232 227 1279 randi
238 1230 283 1277 rel
301 1229 476 1287 exprobrandi
496 1229 613 1276 criminis
632 1243 711 1277 causa
729 1232 961 1291 exaggerationem

149 1300 263 1356 aliquam
277 1297 422 1356 speciosam
437 1296 523 1344 iacitl
557 1297 644 1343 Sicuti
658 1298 687 1343 in
696 1298 772 1345 ‘libro
792 1299 909 1345 eiusdem
922 1301 959 1345 ill.

151 1366 246 1425 Tullii,
262 1364 305 1421 qni
315 1365 354 1411 De
365 1362 548 1411 constituendo
559 1365 710 1411 accusatore
721 1369 775 1424 est,
793 1380 847 1413 una
856 1366 961 1414 eadem·

151 1447 201 1492 que
210 1446 252 1479 res
261 1432 385 1491 pultibus
396 1431 483 1477 verbis
493 1432 660 1479 uehementer
669 1435 747 1491 atque
756 1433 883 1481 atrociter
893 1434 960 1481 dici-

149 1506 204 1547 tur:
226 1501 319 1547 Sicilia
336 1505 411 1559 tota,
428 1500 454 1546 si
466 1513 590 1547 uncooee
602 1500 768 1561 loqueretar,
785 1502 958 1562 deodiceret,

149 1566 219 1630 quod
228 1569 297 1623 auri,
307 1569 375 1627 quod
383 1569 495 1627 argenti,
504 1570 574 1628 quod
582 1575 792 1616 ornamentorum
801 1572 828 1616 r'a
838 1572 901 1616 meis
911 1584 959 1617 rar-

149 1637 236 1690 ln‘bar,
251 1636 363 1697 sedebus,
377 1634 567 1697 delubrtafur't.
601 1636 668 1682 Nam
682 1650 739 1682 cum
748 1639 825 1683 orites
834 1639 958 1685 totusue·

148 1703 202 1749 mel
212 1702 339 1762 dixisset,
358 1702 433 1747 sedes
448 1702 606 1759 delubraque
616 1702 729 1765 addidit,
749 1718 815 1762 qnae
829 1708 891 1751 sunt
900 1705 961 1763 ips'a

149 1783 251 1829 quoque
265 1769 294 1816 in
304 1769 419 1816 urbibus.
455 1772 495 1817 1⁰.
512 1771 579 1817 ltens
587 1770 617 1816 in
627 1771 720 1817 codem
730 1771 798 1819 libro
809 1772 892 1818 simili
900 1781 960 1819 mo-

149 1840 198 1885 do:
218 1839 350 1898 Siciliam,
368 1836 465 1898 inquit,
480 1839 647 1898 provinciam
661 1844 688 1885 ι’.
701 1837 802 1887 Verres
812 1853 864 1900 per
875 1844 960 1887 triere-

149 1908 220 1954 m‘um
235 1905 410 1966 depopulatas
428 1917 499 1962 esse,
520 1907 666 1952 Siculorum
685 1908 807 1955 civitates
825 1914 960 1964 vastasse,

148 1976 237 2021 domos
251 1975 408 2034 exinanisse,
418 1972 495 2032 fana
510 1974 639 2033 spoliasse
656 1976 760 2021 dieitur.
796 1976 837 2022 ll.
854 1976 960 2034 Ecquid

148 2041 275 2088 videturi
319 2043 383 2087 cum
406 2038 525 2087 Siciliam
547 2041 708 2099 provinciam
733 2042 849 2103 dixerit,
879 2047 960 2101 atque

149 2109 227 2155 etiam
241 2109 349 2167 iusuper
364 2106 484 2154 civitates
498 2108 639 2167 addiderit,
658 2110 749 2157 domos
760 2112 838 2157 etiam
848 2112 875 2156 et
886 2112 960 2172 tana,

149 2189 215 2235 quae
231 2177 301 2224 intr'a
317 2175 421 2234 pos'uit,
440 2175 688 2237 comprehendisset,
713 2181 791 2225 rerba
808 2178 873 2225 lsaec
891 2177 960 2225 item

147 2244 231 2290 multa
247 2241 323 2301 atque
336 2242 421 2289 varia:
440 2245 618 2303 depopulatus
632 2260 696 2305 esre,
705 2253 846 2305 ¹centusse,
858 2247 959 2293 erina-

148 2312 231 2365 κατα,
247 2312 389 2370 spoliatae,
404 2324 490 2360 nonne
499 2324 577 2357 unam
586 2314 613 2358 et
623 2314 730 2361 eandem
739 2314 830 2360 vimin
839 2327 899 2360 sese
908 2313 960 2361 ha·-

148 2378 227 2424 bentl
255 2378 332 2423 Sane.
368 2378 419 2424 Sed
433 2379 494 2438 quia
507 2392 564 2425 cum
578 2380 704 2439 dignitate
720 2382 848 2428 orationis
858 2384 886 2428 et
899 2391 963 2429 cum

148 2442 223 2500 gravi
239 2444 377 2490 verborum
393 2448 469 2505 copia
485 2447 618 2504 dicontur,
637 2462 780 2509 quanquam
793 2451 883 2496 eadem
899 2450 961 2497 fere

146 2509 213 2562 sint,
235 2512 262 2555 et
276 2521 310 2556 ex
324 2516 378 2557 nna
391 2514 523 2560 sententia
533 2515 694 2573 cooriantur,
714 2518 790 2576 plura
800 2520 887 2564 tamen
897 2523 960 2564 esse

148 2575 345 2636 existimantur3
365 2581 485 2635 quoniam
501 2584 528 2627 et
541 2595 618 2630 aures
632 2587 659 2631 et
673 2585 784 2631 animum
801 2585 905 2643 saepius
914 2585 960 2630 te-

149 2643 232 2690 riunt.
268 2643 310 2689 12.
327 2645 384 2691 Ηοο
398 2650 506 2696 ornatus
515 2662 612 2708 genum
630 2651 658 2698 in
668 2652 838 2701 crimineuno
848 2651 959 2699 cautus
