2067 3034
140 112 191 165 886
395 116 499 164 AULl
534 116 693 165 GELLll

141 239 167 283 et
176 232 246 281 nulli
255 232 349 293 pretii,
369 233 423 297 qui,
442 248 498 281 oum
513 234 781 296 renumerandum,
799 234 948 283 redhibitus
1015 221 1017 258 ³

140 306 173 350 ol)
187 302 294 360 aliquod
305 302 410 361 vitium,
427 304 597 361 receptusque
611 303 655 349 ait.
691 306 715 349 3.
733 303 886 360 Propterea,
908 303 951 348 iu-

140 370 208 431 quit,
228 383 320 417 aervuo
330 369 457 416 eiusmodi
468 371 563 416 nectari
573 369 692 415 maritum
702 372 729 415 et
741 369 861 427 flagitare
869 382 951 427 pecu-
1016 421 1018 440 1

139 438 210 486 niam
225 436 373 494 iubebatur,
391 439 467 483 uteo
482 437 633 495 ipso-uolut
645 435 730 482 maior
745 440 773 482 et
787 437 950 483 contumelia

140 504 247 565 gravior
254 505 312 550 viro
324 505 410 563 lieret,
430 503 498 560 quod
508 518 568 549 eum
577 516 668 550 eervuo
678 503 755 549 nihili
766 504 894 561 petendae
904 517 951 561 pe-

141 571 233 619 cuniae
244 585 321 618 cauea
331 571 506 628 compellaret.
534 573 559 616 4.
580 571 642 617 Cum
653 575 823 629 peccantem,
840 584 951 627 eumque

140 638 220 687 venia
234 637 356 690 irtorum,
367 637 390 683 ei
400 637 445 695 qui
455 640 514 684 aunt
520 667 528 693 ,
542 636 586 696 qui
595 638 681 684 Verrii
692 638 781 684 Flacci
791 637 951 684 auctoritate

142 706 294 764 capiuntur,
315 705 409 749 dictum
421 704 470 752 hoe
484 705 527 751 eit.
564 709 587 749 5.
604 706 767 764 Receptietua
777 705 847 751 euim
856 718 952 753 nervus

140 775 170 821 in
180 785 262 832 eure,
277 785 351 829 quam
362 770 425 817 dicit
435 772 512 832 Cato,
528 772 601 817 aliud
612 774 717 819 omnino
727 776 781 832 eat,
795 785 873 829 quam
881 773 952 818 Ver«

140 840 197 888 rina
206 838 319 899 scripsit.
354 839 440 897 Atque
455 839 483 885 id
496 839 579 885 cuivis
596 840 674 885 laeile
688 840 825 886 intellectu
835 843 884 886 est.
926 842 952 889 6.

141 910 192 954 Rea
205 906 274 953 enirn
287 905 470 966 proculdubio
486 906 525 951 aio
539 909 586 952 eat
624 908 734 961 Quando
750 906 847 953 mulier
860 907 951 954 dotem

140 974 235 1022 marito
247 975 331 1033 dabat,
342 975 402 1031 tum,
412 986 477 1031 quae
487 987 522 1020 ex
533 973 587 1019 ruia
598 974 672 1020 bonis
682 974 811 1021 retinebat
819 986 906 1031 neque
916 973 951 1021 nd

142 1043 227 1089 ritum
241 1041 411 1098 tramittebat,
431 1053 462 1086 ea
475 1043 591 1100 recipere
605 1040 759 1105 dicebatu'rr
772 1040 859 1095 ,aienti
877 1055 951 1088 nuno

92 1148 99 1163 ,
142 1122 244 1167 quoque
253 1108 282 1154 in
292 1107 482 1154 venditionibus
493 1106 576 1165 recipi
588 1108 716 1166 dicuntur,
733 1121 797 1165 quae
808 1108 950 1167 excipiun-

142 1180 199 1232 tur,
216 1189 301 1233 neque
315 1176 437 1220 veneunt.
472 1175 496 1220 t.
516 1175 574 1227 Quo
589 1177 668 1221 verbo
678 1175 786 1221 Plauto·
801 1188 905 1234 quoque
920 1175 949 1222 iu

143 1244 293 1290 Trinummo
304 1253 366 1288 unua
375 1244 422 1301 eat,
433 1240 461 1287 iu
471 1242 520 1288 hoe
531 1253 619 1287 verau:

175 1344 335 1392 Posticulum
345 1342 394 1390 lior
403 1345 511 1404 recepit,
522 1356 578 1389 eum
587 1343 665 1391 aeder
674 1344 801 1391 vendidit.-

142 1446 170 1493 iu
180 1431 238 1507 ert,¹
253 1459 310 1491 eum
319 1444 396 1491 aedes
406 1443 536 1502 vendidit,
554 1445 711 1503 particulam
720 1445 861 1505 quandam,
879 1460 947 1504 quae

141 1514 202 1573 port
214 1526 257 1560 eoa
268 1512 343 1558 aeder
355 1514 419 1572 erat,
429 1525 482 1558 non
492 1512 617 1572 vendidit,
632 1514 678 1561 aed
687 1513 806 1560 retinuit.
842 1515 867 1558 8.
886 1516 947 1573 lpae
970 1571 973 1575 Δ

141 1580 221 1627 etium
231 1581 308 1635 (lato,
326 1579 461 1625 mulierem
475 1578 651 1626 demonstrare
666 1581 825 1639 locupletem
838 1580 950 1630 volens}

140 1647 247 1704 Mulier,
262 1646 355 1705 inquit,
369 1652 397 1692 et
404 1660 525 1705 magnam
536 1648 618 1693 dotem
628 1648 688 1708 dat,
703 1655 729 1694 et
738 1662 859 1708 magnam
865 1662 948 1707 pecu·

139 1716 214 1762 niam
228 1714 338 1772 recipit:
367 1713 416 1759 hoo
431 1714 835 1776 animumanimumum,
856 1718 947 1763 etma-

140 1795 219 1841 gnam
234 1779 381 1839 pecuniam]
399 1780 503 1826 retinet.
537 1784 561 1826 9.
580 1782 623 1829 Ex
633 1796 664 1828 ea
676 1783 758 1842 igitur
770 1798 799 1830 re
810 1783 947 1840 familiari,

140 1863 217 1907 quem
227 1848 278 1896 ribi
288 1849 347 1893 dote
358 1848 417 1895 data
426 1846 543 1907 retinuit,
555 1849 690 1907 pecuniam
700 1851 757 1897 viro
768 1854 881 1897 mutuam
892 1852 946 1897 (lat

141 1918 183 1963 lo.
200 1915 266 1962 Eam
278 1914 412 1973 pecuniam
429 1928 485 1961 oum
498 1915 557 1962 viro
572 1916 641 1963 forte
657 1916 725 1965 irata
737 1922 857 1976 repetere
868 1917 947 1964 inati-

140 1983 208 2046 tuit,
227 1982 334 2041 apponit
343 1980 516 2040 flagitatorem
525 1995 627 2029 aereum
636 1987 815 2045 recepticium,
835 1985 884 2031 hoe
895 1989 947 2045 eat,

140 2050 276 2111 proprium
289 2062 391 2095 nervum
406 2062 492 2109 suum,
512 2063 586 2106 quem
600 2065 656 2097 cum
665 2051 779 2110 'pecunia
789 2052 892 2109 reliqua
903 2066 948 2098 re·

141 2119 258 2177 ceperat,
278 2130 360 2173 neque
372 2114 476 2162 dederat
492 2116 559 2174 doti,
579 2117 790 2176 aedretinuerat3
811 2118 949 2166 nonenim

139 2198 217 2232 aervo
232 2183 320 2230 mariti
333 2184 461 2241 imperare
474 2183 524 2229 hoa
538 2184 674 2231 mulierem
689 2187 728 2231 fau
739 2187 809 2239 erat,
827 2186 871 2231 aed
883 2197 954 2244 pro··

140 2251 199 2311 prio
210 2263 266 2296 ruo.
302 2251 343 2297 ll.
367 2249 448 2295 Plura
458 2249 552 2311 dicere,
571 2251 663 2309 quibua
675 2252 953 2315 ioenoitmmtuear,

142 2317 310 2374 supersedeo:
330 2317 388 2375 ipra
401 2317 469 2363 enim
485 2319 546 2363 aunt
557 2332 603 2376 per
613 2319 795 2374 mandentia,
814 2322 840 2366 et
850 2321 920 2376 quod
931 2333 948 2367 a

140 2381 235 2428 Verrio
247 2382 353 2440 dieitur,
373 2385 399 2428 et
410 2384 479 2440 quod
493 2399 509 2431 a
520 2385 606 2434 nobir.
640 2387 730 2433 Utrum
741 2399 802 2446 ergo
811 2386 957 2435 videbitur

141 2447 339 2510 minueremus,
351 2463 382 2496 eo
392 2455 489 2498 utatur.
