2067 3034
218 107 220 112 ’
292 127 375 178 urs.
394 127 474 176 xw.
510 128 600 176 cnr.
622 131 657 204 ¹2
819 126 870 179 31¹1

64 245 129 304 tem,
139 246 235 306 inquit,
250 246 446 312 inconsequens,
455 247 539 306 ipsum
548 247 651 305 quidem
662 247 754 306 eorpus
764 250 790 295 et
799 247 871 295 hubi·

68 319 122 361 tum
137 319 189 361 tem
201 315 325 373 profundi
338 314 407 361 siris
421 315 466 360 sub
481 315 535 361 aiio
545 319 621 372 etque
632 315 686 362 sliu
696 316 767 361 eueli
779 330 870 363 curva·

63 383 135 429 mine
149 395 202 428 uon
216 381 326 427 eundem
340 395 457 440 muuere;
476 383 504 427 in
513 382 645 427 homiuum
659 384 744 428 sutem
753 384 868 442 negotiis

64 450 158 496 stelles
172 449 236 495 istss
251 448 355 506 opinari
368 449 436 495 idem
450 462 552 508 semper
567 449 713 510 ostendere,
733 450 756 495 si
773 463 816 496 ess
833 464 867 497 ex

63 530 217 574 quecunque
227 519 297 561 terre
306 517 488 575 conspexeris.v
514 519 556 562 ll.
571 517 709 563 Praeterea
718 517 867 577 mirabatur,

64 583 92 629 id
108 583 227 640 cuiquem
239 596 287 640 pro
301 587 424 641 perceptu
441 584 553 643 liquere,
576 585 668 631 stellas
683 584 760 644 istus,
779 598 842 643 quss
852 598 869 631 s

66 650 204 695 chaldaeis
219 654 245 695 et
259 650 413 709 Babyloniis
428 651 483 697 sive
503 651 640 709 Aegyptiis
659 653 808 698 observatas
828 654 867 698 fe·

63 719 137 776 runt,
158 712 235 779 (quus
251 717 327 762 multi
341 722 486 777 erraticus,
507 718 628 776 Nigidius
642 732 749 765 errones
763 716 866 783 vucst3)

63 797 117 830 nun
128 796 185 829 esse
195 783 287 844 pluris,
299 798 374 841 quem
383 786 462 845 vulgo
474 785 634 843 dicerentur3
662 787 702 831 12.
712 800 789 844 posse
798 787 867 833 enim

65 850 123 897 fieri
136 850 316 912 existimabat,
335 855 365 897 ut
379 855 407 898 et
421 852 470 898 alii
483 852 586 911 quidum
595 852 716 910 planetae
726 854 867 912 peripete-

64 920 132 963 stste
142 921 237 977 esseut,
248 919 305 965 siue
316 919 407 976 quibus
416 922 488 966 reets
499 923 575 978 utque
586 923 710 978 perpetua
719 922 867 967 observatio

64 984 154 1044 perfici
172 999 226 1031 nun
243 985 340 1045 quiret3
360 1000 443 1044 neque
463 1000 510 1033 eos
529 990 615 1033 tumen
630 1000 735 1032 eernere
750 989 867 1035 homines

64 1053 186 1113 possent,
207 1056 314 1117 propter
324 1054 534 1112 exsuperantiam
544 1053 587 1099 vel
597 1053 743 1111 splendoris
753 1056 797 1100 vei
805 1056 867 1101 niti*-

64 1118 174 1165 tudinis.
210 1122 249 1167 13.
269 1121 334 1166 Num
344 1124 370 1166 et
380 1120 516 1179 quaedum,
534 1121 626 1179 inquit,
641 1120 727 1167 sidera
738 1135 752 1167 e
763 1122 867 1180 quihus-

66 1185 124 1233 dnm
134 1186 212 1234 terris
222 1187 425 1247 conspiciuntur,
436 1200 575 1245 eurumque
586 1190 710 1234 terrerum
721 1189 867 1238 homiuibus

5 1311 7 1318 Ι
64 1256 129 1300 note
137 1255 210 1313 suut3
229 1254 274 1301 sed
285 1254 372 1302 eadem
382 1255 439 1313 ipse
449 1268 483 1302 ex
494 1255 564 1301 omni
574 1258 644 1301 terrs
653 1255 706 1302 sliu
715 1269 767 1303 uun
776 1257 868 1303 viden-

64 1324 121 1380 tur,
142 1323 169 1367 et
184 1324 245 1367 sunt
258 1322 317 1369 siiis
334 1322 439 1368 omniuo
450 1322 623 1381 ignotissima.
660 1325 699 1368 14.
716 1326 809 1385 Atque,
826 1326 867 1372 uti

66 1387 164 1449 demus,
175 1388 268 1448 inquit,
275 1392 301 1435 et
310 1390 356 1435 hus
366 1391 542 1436 tantummodo
554 1391 655 1447 stelles,
665 1393 738 1440 etex
745 1405 796 1437 uua
806 1404 865 1449 psr-

64 1458 91 1504 te
101 1458 186 1502 terrae
195 1456 329 1503 ohservsri
341 1457 471 1516 debuisse3
490 1470 555 1514 quse
565 1456 666 1503 tandem
675 1458 733 1504 finis
743 1462 868 1506 observu-

59 1522 146 1569 tionis
155 1522 232 1570 istius
243 1524 302 1585 init,
318 1527 345 1570 et
355 1538 419 1582 quse
430 1527 549 1583 tempora
558 1524 621 1570 satis
632 1537 688 1572 esse
698 1525 755 1572 visu
763 1528 824 1572 sunt
834 1528 866 1573 nd

63 1590 272 1650 percipiendum,
291 1591 352 1651 quid
372 1594 591 1650 praemonstraret
608 1594 653 1637 sut
670 1595 865 1642 coetus'stells-

63 1670 130 1714 rum,
141 1661 186 1704 sut
196 1658 331 1720 circuitus,
349 1663 394 1705 sut
403 1659 546 1707 transituri
582 1663 622 1705 lt.
641 1661 706 1707 Nem
715 1662 738 1707 si
748 1661 800 1708 istu
808 1676 865 1708 mn-

64 1725 202 1785 dusoepts
210 1726 263 1772 fieri
276 1726 425 1774 observatio
436 1730 488 1786 est,
503 1730 533 1773 ut
542 1727 797 1785 animadverteretur,
814 1742 865 1785 quu

62 1790 161 1852 habitu,
177 1807 276 1852 qusque
286 1795 377 1855 forms,
391 1807 489 1852 qusque
499 1795 617 1853 positura
626 1796 759 1841 steilsrum
770 1796 864 1853 uliquis

62 1863 226 1908 naseeretur:
246 1865 300 1907 tum
309 1861 430 1920 deinceps
441 1864 472 1908 sb
484 1862 590 1908 ineunte
601 1862 668 1918 vits,
683 1864 864 1921 formaretur,

61 1929 89 1973 et
97 1940 198 1983 mores,
213 1931 240 1975 et
251 1929 396 1987 ingenium,
408 1931 438 1976 -et
448 1929 643 1975 circumstantis
650 1942 735 1974 rerum
744 1929 866 1987 negotiu·

61 2007 183 2053 rumque,
203 1999 229 2042 et
242 1997 274 2044 sd
289 1999 446 2054 postremum
460 1996 518 2043 iuis
530 1997 608 2042 etism
616 1995 686 2042 vitae
695 1997 864 2053 spectaretur,

61 2074 144 2119 esque
154 2063 252 2122 omnis,
271 2066 300 2109 ut
312 2077 362 2109 usu
373 2066 510 2123 venerunt,
529 2063 615 2110 literis
624 2063 814 2121 mundarentur,
834 2076 865 2108 us

62 2133 157 2188 postes
169 2130 257 2188 longis
271 2131 445 2190 temporibus,
464 2144 520 2177 eum
529 2132 600 2189 ipsus
610 2130 673 2176 illue
684 2130 775 2176 eodem
784 2128 811 2174 in
822 2129 863 2178 ln·

62 2209 103 2255 eu,
118 2198 209 2244 eudem
219 2198 308 2245 habitu
318 2198 412 2254 forent,
425 2195 515 2246 eudem
526 2197 618 2244 ceteris
629 2211 730 2255 quoque
740 2199 864 2242 eventura

63 2263 286 2326 existimarentur,
303 2265 348 2324 qui
369 2265 459 2312 eudem
478 2266 527 2311 iilo
542 2268 656 2322 tempure
671 2264 727 2310 nuti
741 2264 862 2320 tuisseut3

64 2332 105 2377 16.
125 2333 148 2377 si
160 2331 221 2386 isto,
237 2332 333 2391 inquit,
353 2333 429 2378 modo
440 2331 574 2379 observari
584 2334 701 2389 coeptum
712 2336 763 2390 est,
778 2344 864 2388 exque

61 2410 94 2444 es
103 2399 287 2446 observatione
298 2400 441 2457 composite
450 2399 575 2457 quaedam
586 2398 724 2457 discipline
733 2399 780 2455 est,
788 2399 863 2444 nulio

42 2511 46 2528 ,
61 2464 175 2524 idpucto
185 2466 430 2525 potestprueedere.
457 2468 506 2522 it.
525 2466 621 2513 Dicent
631 2466 713 2526 enim,
731 2467 794 2525 quot
805 2469 864 2511 tsn-

61 2533 120 2579 dem
133 2533 220 2593 annis,
240 2534 283 2580 vel
297 2533 385 2593 potius
395 2535 457 2592 quot
465 2532 562 2579 seculis
572 2533 643 2580 orbis
652 2533 694 2580 hie
705 2532 864 2581 observatiu-

57 2599 103 2646 nis
113 2601 202 2658 pertici
211 2601 332 2658 quiverit.
353 2603 408 2649 ¹18.
428 2603 551 2650 constare
565 2600 659 2659 quippe
673 2601 741 2649 inter
750 2600 864 2648 sstrolu·

60 2681 110 2729 gos
120 2667 238 2734 dicebat,
251 2669 343 2717 stelles
353 2668 429 2735 istas,
443 2681 506 2729 ques
516 2672 649 2718 erraticas
659 2669 785 2729 dicerent,
799 2680 865 2726 quse
