2067 3034
281 129 363 188 urb.
386 140 483 203 sun.
518 131 607 185 cau.
630 142 672 186 m.
828 139 880 189 sos

75 265 122 312 tus
136 262 215 309 rebus
229 259 459 318 voluptatibusque
469 270 518 304 nos
530 260 620 303 tenere
631 257 763 319 debemus,
779 272 831 306 non
842 265 881 307 te-

73 342 173 377 nemus
211 330 235 374 6.
252 329 355 385 ltaque,
372 325 468 386 iuquit,
484 325 882 383 siquishaeoduoverbaeordi

73 398 181 451 habeat,
200 408 280 453 eaque
295 393 346 440 sibi
359 393 508 452 imperando
525 397 610 450 atque
619 394 779 439 observando
800 397 879 452 curet,

74 464 98 510 is
109 464 160 510 erit
168 463 289 522 pleraque
300 460 485 520 impeccabilis,
495 460 626 518 vitamque
637 460 708 507 vivet
717 461 879 518 tranquillis

75 532 173 581 uirnam.
208 529 294 576 Verba
305 528 355 575 duo
366 528 430 575 haec
441 526 555 573 dicebat:
568 521 671 587 Ἀνίχου
681 526 758 573 καὶ.
734 520 834 587 ἀπέχου.

334 660 520 712 CAPUT
557 659 625 711 XX

106 745 181 790 lerbn
196 750 270 789 nonio
284 758 313 786 es
323 740 445 799 Symposio
455 742 574 794 Platonis,
589 744 687 789 strnnm‘a
697 745 878 813 coagmentisque

130 802 249 845 uerborum
261 801 318 843 scete
331 801 491 858 modrelnteque
500 806 524 843 et
533 807 598 856 apte
613 801 733 844 exercente
739 802 834 858 gratia,
852 803 882 845 in

128 857 240 902 Latmum
249 857 377 899 orationem
387 869 458 898 uersa

108 936 133 981 l.
159 932 322 993 symposium
340 932 457 979 Platonis
477 932 546 992 apud
563 933 746 991 philosophum
765 933 877 980 Taurum

52 1037 56 1040 .
83 1002 217 1061 agebatur.
245 1004 269 1046 2.
279 1002 366 1046 Verba
376 1000 423 1046 illa
434 1000 579 1046 Pausaniae
590 1000 660 1046 inter
669 999 792 1046 convivas
803 1014 877 1046 amo-

70 1083 128 1117 rem
138 1069 195 1114 viee
206 1082 254 1113 sua
264 1066 407 1127 laudantis,
422 1081 453 1113 ea
463 1070 543 1115 verba
552 1066 589 1112 ita
598 1080 717 1124 prorsum
726 1068 876 1127 amavimus,

71 1138 104 1184 ut
114 1134 264 1182 meminisse
280 1134 359 1181 etiam
373 1135 556 1181 studuerimus.
592 1136 615 1180 3.
634 1135 702 1180 Sunt
711 1134 790 1194 adeo,
810 1148 876 1193 quae

71 1202 246 1258 meminimus,
256 1203 335 1249 verba
343 1202 418 1249 haee:
435 1200 515 1247 Πᾶσα
526 1196 576 1264 γὰρ
587 1199 680 1278 πρᾶξις
689 1194 738 1246 ὧδε
748 1199 811 1260 ἔχει·
828 1195 877 1246 αὐ-

71 1264 107 1329 τὴ
119 1269 187 1349 ip)
151 1259 445 1346 'inurpcnpnssoprtnm
464 1263 608 1327 οὕτεκαὶὴ,
627 1262 802 1332 οὔτεαίσχρα·
820 1269 877 1314 οἷον

72 1329 583 1414 νινημειςποιοιμει,ηπίγειν,ηᾳδειτ
594 1329 800 1415 ἢδιαλέγεσθαι.
824 1328 877 1382 Οὔκ

73 1400 130 1449 ἔστι
146 1399 245 1446 τούτων
259 1395 323 1446 adad
338 1394 405 1445 καθ’
418 1395 498 1459 αὑτὸ,
518 1395 597 1446 καλὸν
612 1395 700 1447 οὐδέν’
729 1396 787 1448 ritt'
800 1403 827 1448 ἓν
843 1401 877 1480 τῇ

74 1462 175 1545 πράξει,
186 1460 220 1518 ὥς
231 1483 263 1513 αν
273 1465 389 1546 πραχθῆ,
407 1481 527 1513 τοιουτον
536 1460 629 1529 ἀπέβη.
662 1465 758 1521 Καλῶς
767 1468 815 1531 μὲν
824 1484 875 1535 γαρ

73 1528 256 1613 πραττόμενον
269 1533 312 1580 καὶ
330 1527 433 1614 ὀρθῶς,
453 1526 534 1580 καλὸν
542 1533 669 1615 yltyseaus·
685 1530 737 1618 μὴ
739 1530 829 1601 ὀρθῶς
839 1534 876 1595 oi,

73 1595 195 1685 αἰσχρόν·
214 1592 280 1647 οὕτω
296 1595 328 1662 δὴ
345 1599 388 1647 καὶ
400 1616 431 1647 το
423 1595 502 1665 ipsis
512 1596 578 1647 uel
565 1618 579 1646 o
587 1601 651 1682 {aar
662 1616 694 1647 ou
704 1603 753 1656 nde
763 1602 816 1650 dori
827 1620 878 1650 uo-

72 1663 128 1726 λὸς,
144 1661 204 1714 οὐδὲ
220 1661 523 1730 ἅὲιοςέγκωμιαζεσθαι,
537 1660 595 1714 ‹iti'
612 1664 877 1735 ὁκαλῶςπροτρέτων

73 1735 145 1798 ἱρᾶν.
166 1739 191 1781 4.
200 1737 272 1783 Haeo
282 1738 360 1782 verba
370 1735 413 1781 ubi
424 1736 493 1782 lecta
503 1739 570 1793 sant
581 1737 656 1794 atoue
666 1736 701 1782 ibi
712 1738 814 1784 Taurus
824 1738 877 1784 mi·

73 1803 116 1851 bi:
134 1804 213 1862 Heus,
231 1802 322 1863 inquit,
337 1806 374 1859 tu,
390 1816 470 1865 ρητορ
474 1801 541 1864 turn,
552 1800 605 1867 (sic
615 1804 681 1849 enim
692 1818 731 1849 me
742 1804 769 1850 in
779 1805 877 1863 princi·-

73 1872 120 1931 pio
134 1884 226 1918 recens
242 1870 269 1916 in
284 1870 420 1917 diatribam
433 1872 566 1928 acceptum
580 1871 761 1930 appellitabat,
782 1873 877 1919 existi·

74 1950 162 1993 mans,
178 1937 344 1995 eloquentiae
355 1937 431 1983 unius
442 1937 603 1983 exercendae
614 1939 697 1996 gratia
706 1939 820 1985 Athenas
831 1954 878 1986 ve-

74 2002 174 2068 nisse5)
188 2005 301 2064 videsne,
309 2005 401 2068 inquit,
413 1998 554 2065 ἐνθύμημα
566 2007 690 2060 crebrum,
697 2006 723 2051 et
734 2019 876 2065 coruscum,

76 2076 104 2120 et
122 2086 282 2128 connexum,
301 2071 472 2128 brevibusque
492 2074 520 2117 et
536 2072 656 2119 rotundis
675 2074 801 2132 numeris,
822 2087 878 2120 eum

74 2141 184 2199 quadam
205 2139 337 2198 aequabili
357 2138 558 2185 circumactione
577 2135 742 2186 devinctum?
776 2144 800 2185 5.
823 2141 877 2185 Ha-

73 2210 154 2256 besne
174 2207 249 2254 nobis
270 2206 382 2253 dicere
375 2219 401 2251 sn
421 2205 496 2252 libris
515 2206 647 2253 rhetorum
664 2208 810 2253 uestrorum
824 2211 877 2254 tam

74 2277 149 2335 apte,
170 2278 270 2334 tamque
287 2272 418 2321 modulate
437 2272 605 2332 compositam
625 2273 790 2320 orationemt
826 2273 878 2321 Sed

73 2342 230 2401 lios,inquit,
236 2345 321 2405 tamen
331 2353 453 2387 numeros
462 2352 557 2387 censeo
568 2340 657 2388 videas
668 2335 730 2386 ὁδου
740 2333 877 2405 πάρεργον.

74 2409 175 2455 &Ad
168 2422 225 2469 ipsa
235 2409 304 2457 enim
313 2407 431 2455 Platonis
441 2408 599 2467 penetralia,
615 2408 780 2466 ipsarumque
789 2421 877 2455 rerum

72 2477 204 2538 pondera,
224 2478 251 2523 et
264 2475 405 2534 dignitates
417 2475 576 2534 pergendum
592 2479 643 2534 est3
663 2489 716 2522 non
728 2476 760 2521 ad
770 2475 878 2522 vocula-

72 2555 133 2592 rum
143 2543 404 2602 einstmoenitatem,
421 2555 469 2589 nee
486 2542 518 2589 ad
533 2544 670 2589 verborum
679 2545 827 2590 venustates
839 2543 880 2588 di-

73 2611 258 2658 versitandum.
298 2613 323 2656 l.
346 2610 417 2657 Haec
433 2608 576 2657 admonitio
597 2609 677 2657 'l'auri
697 2611 728 2657 de
749 2609 878 2657 orationis

73 2677 227 2726 Platonicae
240 2676 368 2740 modulis,
388 2690 441 2724 non
454 2678 533 2725 modo
548 2691 601 2725 non
619 2678 756 2739 repressit,
776 2680 820 2725 sed
835 2678 877 2724 in·

109 2745 271 2794 Grauius.
630 2747 668 2792 Ge
