2067 3034
349 124 505 192 'bruni
540 134 662 192 cuns.
869 118 913 195 sir

69 249 82 265 ι
98 263 262 326 progenitus
274 265 354 324 foret,
365 255 658 321 quiDiomedis‘Tlira'cis
670 261 791 321 luissent3
812 266 835 309 3.
846 278 911 321 quos

99 333 243 388 Hercules,
254 331 380 377 Diomede
390 330 486 389 occiso,
501 344 516 375 e
526 329 636 375 Thracis
644 331 728 387 Argos
739 331 913 388 perduxisset.

100 398 173 445 lium
184 412 278 457 equum
288 397 367 443 fuisse
378 397 466 444 dieunt
474 396 651 455 magnitudine
661 396 794 453 inusitato,
809 399 911 444 cervice

99 466 201 522 arduo,
221 465 312 527 colore
326 464 482 522 phoeniceo,
501 464 568 509 devs
578 467 604 509 et
616 463 727 509 comanti
737 464 809 522 iubs3
828 464 911 510 omni-

100 534 205 590 busque
220 530 281 577 aliis
296 542 425 588 equorum·
435 530 554 576 laudibus
568 529 730 587 quotcunque
747 531 824 589 longe
834 545 909 590 prse-

99 598 219 645 stitisse:
239 601 283 645 sed
298 595 406 644 eundem
420 610 513 655 equum
522 596 570 642 toli
580 597 661 643 luisse
673 598 726 644 luto
737 599 792 643 sive
803 600 910 644 torturis

99 667 205 719 ferunt,
224 667 267 725 ut,
282 665 396 723 quisquis
411 665 516 710 baberet
529 678 586 709 eum
596 663 799 723 possidentque,
819 664 909 711 is‘cuin

99 731 177 778 omni
188 731 277 788 domo,
291 731 403 790 tonsilis,
418 731 582 788 fortunisque
592 730 710 776 omnibus
721 732 774 776 suis
784 732 816 778 od
826 733 908 778 inter-

98 798 242 845 necionem
252 799 391 858 deperiret.
403 806 406 811 ’
417 801 442 842 4.
452 800 542 856 ltuque
551 798 659 856 primum
669 798 744 843 illum
753 792 906 855 Cn.'Seium,

99 866 238 911 dominum
248 866 315 921 eius,
330 880 345 912 a
361 867 397 910 Μ.
413 865 542 921 Antonio,
561 865 605 921 qui
618 866 708 921 postes
722 864 842 911 triumvir
853 866 906 912 rei·

97 931 223 990 publicae
236 926 432 979 constituendae
442 932 501 991 fuit,
513 931 604 989 capitis
615 931 768 988 demnatum,
781 932 906 979 miseren-

98 999 133 1044 do
149 999 280 1056 supplicio
296 996 415 1045 affectum
429 1012 498 1045 esse:
518 999 608 1044 eodem
626 1002 741 1055 tempore
758 995 906 1046 Cornelium

98 1065 269 1111 Dolabellam
282 1066 427 1124 consulem,
449 1066 475 1110 in
489 1065 593 1124 Syrium
606 1065 819 1124 proficiscentem,
838 1067 906 1113 loma

99 1132 180 1177 istius
190 1133 250 1190 equi
262 1133 407 1188 adductum,
418 1135 501 1191 Argos
512 1132 666 1188 devertisse;
682 1133 850 1191 cupidineque
860 1134 905 1179 lio·

99 1199 180 1246 bendi
191 1200 247 1245 eius
261 1199 402 1258 exarsiss03
412 1197 565 1256 emisseque
576 1195 656 1261 [eum]
668 1199 793 1245 sestertiis
804 1192 905 1247 centum

98 1266 233 1312 millibus:
254 1268 299 1312 sed
316 1267 399 1324 ipsum
411 1276 520 1325 quoque'
528 1266 691 1312 Dolabellam
699 1266 734 1312 ·in
745 1267 823 1325 Syrio
833 1262 904 1314 bell'o

100 1332 177 1379 civili
196 1333 328 1379 obsessum
347 1337 422 1393 utque
441 1334 606 1380 interfectum
624 1346 693 1379 esse:
714 1347 779 1380 mox
797 1326 906 1381 eundem

102 1413 208 1458 equum,
222 1401 267 1456 qui
277 1402 431 1448 Dolabellae
441 1400 536 1460 lueret,
545 1402 573 1445 C.
586 1401 905 1458 Cossium,'qui1)olebel-

11 1488 12 1503 κ
100 1467 473 1527 lamobsederst,sbduxisse.
509 1472 533 1513 5.
553 1467 618 1512 Eum
629 1468 905 1526 cassiumposteose-

101 1530 136 1580 tls
146 1535 239 1579 notum
249 1538 295 1587 est,
307 1534 382 1580 victis
392 1535 517 1593 pertibus,
535 1537 643 1593 fusoque
653 1535 771 1581 exercitu
780 1548 838 1596 suo,
852 1536 904 1582 mi-

100 1615 185 1647 serem
199 1604 307 1647 mortem
321 1601 584 1660 oppetiisset¹deinde
599 1602 738 1647 Antonium
751 1607 810 1660 post
823 1603 904 1650 inter·

101 1669 166 1714 itum
178 1668 275 1728 Cassii,
290 1670 365 1727 parts
374 1668 494 1727 victoris,
510 1683 601 1725 equum
615 1668 689 1715 illum
698 1670 811 1716 nobilem
821 1659 905 1716 Cassii

11 1764 12 1771 κ
100 1734 256 1793 requisisse3
263 1744 265 1749 ⁴
272 1739 298 1782 et
308 1750 363 1781 cum
373 1749 403 1781 co
414 1736 512 1794 potitus
523 1739 600 1794 esset,
611 1735 694 1793 ipsum
704 1751 804 1795 quoque
813 1741 904 1794 posteo

95 1802 200 1848 ‘victum
218 1805 294 1860 etque
313 1802 441 1848 desertum
457 1803 604 1849 detestabili
618 1803 702 1849 exitio
715 1803 843 1849 interisse.
878 1807 902 1850 6.

101 1869 172 1916 ilinc
182 1869 349 1927 proverbium
359 1870 390 1916 dc
399 1870 544 1916 hominibus
561 1869 719 1916 calamitosis
729 1874 822 1928 ortum,
839 1870 903 1916 dici·

102 1949 153 1996 que
164 1937 282 1983 solitum:
303 1937 349 1982 ille
362 1939 436 1983 honio
448 1939 527 1982 leubet
539 1950 630 1997 equum
643 1938 774 1984 Seianum.
802 1939 832 1982 Ἴ.
850 1939 903 1984 Ee·

104 2005 163 2050 dem
177 2004 304 2050 sententis
321 2007 360 2049 est
373 2004 445 2050 illius
459 2018 560 2062 quoque
571 2004 668 2050 veteris
678 2004 817 2064 proverbii,
831 2006 904 2062 quod

102 2070 141 2117 ita
151 2070 247 2117 dictum
257 2071 413 2129 occepimus:
427 2086 518 2118 aurum
532 2072 694 2118 Tolosanum.
709 2073 782 2118 'Nem
792 2084 848 2117 cum
857 2078 904 2130 op-

105 2139 193 2198 pidum
204 2139 362 2185 Tolosonum
378 2139 405 2184 in
415 2141 484 2185 terro
495 2138 581 2185 Gallis
592 2139 623 2191 o.
635 2139 728 2196 Caepio
739 2139 830 2183 consul
840 2137 904 2185 diri·

104 2204 217 2264 puisset,
235 2207 391 2263 multumque
407 2206 464 2252 euri
477 2205 504 2251 iu
518 2205 575 2250 eius
589 2205 679 2263 oppidi
688 2206 791 2262 templis
802 2205 904 2263 luisscl,

104 2272 220 2329 quisquis
235 2278 314 2320 ex'e's
329 2273 573 2332 direptione'uurum
583 2271 680 2330 attigit,
691 2270 793 2319 'misero
804 2272 904 2318 crucis-

104 2339 202 2396 bilique
212 2339 287 2387 exitu
297 2339 385 2397 periit.
421 2343 445 2387 8.
463 2341 536 2385 llunc
550 2353 641 2396 equum
654 2339 749 2386 Gellius
759 2341 853 2386 Bessus
864 2339 904 2385 vi·

106 2407 172 2452 disse
183 2408 211 2452 ie
221 2407 298 2464 Argis
308 2408 388 2452 rciert
397 2407 465 2453 houd
479 2405 598 2452 credibili
613 2405 815 2464 pulchritudine,
829 2404 904 2464 vigo‘-

106 2470 184 2531 reque
192 2478 218 2520 et
228 2475 317 2520 colore
328 2473 574 2531 exuberantissim03
599 2476 622 2518 9.
637 2486 710 2529 quem
724 2474 838 2520 colorem
846 2474 904 2525 noi,

106 2540 182 2588 sicuti
192 2541 257 2594 dixi,
268 2540 449 2598 Phoeniceum,
457 2539 551 2588 Graeci
561 2539 772 2601 portimpotmno,
781 2540 830 2585 slii
840 2532 904 2584 omip

12 2634 14 2651 .
106 2603 163 2656 dana
179 2608 324 2665 appellunt,
337 2607 464 2665 'quonium
477 2606 577 2666 palmae
590 2611 684 2653 termes
699 2619 735 2655 ex
745 2610 903 2667 prborc'cusu

107 2675 189 2723 iruetu
200 2674 306 2721 evulsus
317 2675 408 2734 spadix
419 2668 522 2721 dicitur.
