2067 3034
329 131 403 179 ΜΒ.
422 131 461 179 11.
497 130 578 182 cart
596 132 620 180 3.
844 132 878 180 ss

66 250 103 296 tis
115 249 182 295 baec
197 248 266 295 fuit:
297 248 327 292 io
341 246 454 305 publicis
467 246 628 306 loeisatque
640 248 789 296 maneribus
803 251 880 310 atque

65 316 216 364 actionibus
229 317 332 374 potrum
345 315 403 360 iura
417 328 474 360 cum
487 315 612 378 tiliorum,
626 316 671 374 qui
686 316 715 363 in
726 316 879 375 magistratu

65 389 138 438 sunt,
162 383 340 445 potestatibus
361 381 458 428 coliata
477 381 681 440 interquiescere
698 384 834 442 paululum
852 389 880 432 et

66 449 224 498 connivere:
243 450 290 496 sed
304 461 361 494 oum
375 450 452 497 extre
460 449 645 511 rempublicam
660 449 687 496 in
698 451 840 499 domestice
850 465 880 499 re

64 521 143 577 atque
154 518 213 565 vita
225 517 359 575 sedeatur,
377 515 536 575 ambuletur,
556 516 716 564 inconvivio
727 532 828 576 quoque
838 519 880 566 is-

63 585 165 633 miliari
176 584 361 640 discumbatur,
371 585 428 630 tum
436 583 506 630 inter
514 583 597 630 tilium
607 584 787 643 magistratum
797 589 824 631 et
832 599 879 644 pa·

63 659 132 700 trem
144 651 278 710 privatum
295 650 416 710 publicos
432 650 548 698 honores
565 664 681 709 cessore3
701 652 836 699 naturales
853 655 880 698 et

63 719 195 781 genuinos
207 718 317 766 exoriri.
353 719 393 764 lo.
410 717 468 764 Hoc
481 717 574 778 igitur,
592 718 689 778 inquit,
708 720 775 777 quod
790 721 878 766 adme

64 786 192 845 venistis,
210 786 279 844 quod
290 784 466 842 colloquimur
475 798 559 844 nunc,
572 786 640 844 quod
651 785 682 831 de
692 786 784 832 officiis
793 788 877 833 disce-

62 857 175 914 ptamus,
192 854 296 912 priuata
305 852 374 900 sotio
386 854 434 898 est.
469 855 560 911 ltaque
572 855 646 899 utere
658 852 775 910 apudme
784 854 817 900 iis
827 855 876 901 ho-

62 921 174 971 noribus
184 920 273 981 prius,
292 919 388 981 quibus
400 919 470 966 domi
485 933 587 979 quoque
599 922 702 966 uestrae
718 923 744 967 te
753 921 792 967 uti
802 921 877 981 prio·

61 1002 116 1035 rem
129 989 216 1034 decet.
252 988 293 1034 11.
311 987 384 1034 Haeo
397 989 475 1046 etque
491 987 545 1034 olio
558 986 587 1034 in
601 987 708 1033 eandem
721 989 876 1036 sententiam

61 1058 166 1105 Taurus
184 1055 303 1114 'graviter
321 1053 398 1101 simul
412 1056 438 1101 et
452 1053 561 1101 comiter
579 1054 710 1101 disseruit.
746 1057 788 1102 12.
807 1055 877 1110 Quid

62 1126 151 1170 sutem
166 1135 246 1180 super
259 1121 439 1169 huiuscemodi
452 1121 535 1179 putris
551 1123 626 1179 atque
643 1121 694 1185 filii
706 1122 790 1170 officio
806 1122 874 1180 apud

63 1190 204 1237 Claudium
218 1189 373 1249 legerimus,
391 1202 444 1235 non
456 1184 536 1252 [esse]
549 1187 581 1235 ab¹
589 1203 618 1235 re
627 1187 711 1236 visum
721 1186 773 1248 est,
788 1191 818 1236 ut
827 1189 872 1236 od·

62 1257 248 1305 scriberemus.
276 1258 318 1303 13.
336 1256 473 1302 Posuimus
483 1256 564 1315 igitur
573 1258 652 1303 verba
661 1256 718 1314 ipsa
730 1257 874 1315 Quadriga-

61 1325 99 1372 rii
112 1338 148 1372 ex
160 1325 257 1370 Annali
271 1324 328 1371 eius
345 1326 421 1370 sexto
431 1323 600 1382 transcripto:
616 1324 716 1370 Deinde
724 1324 803 1388 facti
814 1339 875 1372 cos-

62 1394 136 1440 sulcs
146 1392 317 1451 Sempronius
323 1390 459 1441 Gracchus
469 1393 571 1448 iterum,
583 1391 721 1450 orantus
729 1393 874 1448 Masisms,

57 1457 138 1518 fitius
149 1461 219 1519 eins,
234 1462 281 1520 qur·
284 1459 379 1518 priore
389 1472 458 1506 anno
468 1466 529 1505 erat
539 1461 638 1506 consul.
673 1455 817 1508 Et'concult
822 1474 875 1520 pa-

65 1535 109 1574 ter
124 1527 272 1587 proconsul
288 1527 389 1573 obvim
405 1528 433 1575 ln
448 1540 514 1587 equo
529 1526 623 1573 vehens
636 1529 719 1587 venit,
738 1540 818 1588 neque
831 1526 875 1572 do·

64 1595 189 1642 scendere
198 1593 290 1651 voluit,
301 1594 370 1654 quod
374 1599 456 1654 poter
466 1601 528 1640 erat
533 1608 546 1654 ‚·
560 1599 595 1653 et,
605 1594 673 1654 quod
681 1595 750 1643 inter
759 1607 802 1642 eos
811 1597 876 1648 serb-

66 1663 136 1710 dant
157 1664 278 1708 munima
296 1661 435 1708 eoncordia
452 1664 603 1722 conventre,
622 1662 728 1710 lictores
746 1676 799 1712 nsn
817 1663 878 1709 ausi

64 1736 130 1778 sunt
142 1729 297 1776 descendere
312 1729 409 1775 iubere.
447 1729 500 1775 vot
513 1731 593 1778 tusto
606 1730 691 1785 venit,
716 1736 769 1777 turn
786 1729 878 1777 consul

66 1798 123 1843 cit:
143 1795 310 1844 Descendere
320 1797 385 1843 sule.
413 1797 491 1854 Quod
497 1802 671 1858 posteaquam
680 1798 757 1844 lictor
766 1797 821 1854 ille,
831 1795 877 1856 qui

66 1865 235 1926 apparebat,
255 1865 307 1910 cito
317 1863 462 1920 intellexit,
480 1865 627 1915 Maximum
640 1865 821 1924 proconsulem
830 1864 877 1909 cle-

67 1932 192 1980 scendere
201 1932 287 1980 iussit.
311 1930 411 1980 Fabius
421 1932 530 1992 imperio
537 1938 633 1991 paret:
648 1928 766 1989 etfilc'urn
775 1932 876 1979 collare

68 1999 155 2058 davit,
167 2012 225 2050 eum
235 1999 384 2058 imperium,
393 1999 561 2061 quodpopuls'
569 2005 644 2059 esset,
653 2001 787 2048 retineret.

337 2097 526 2150 CAPUT
560 2098 619 2149 111.

97 2167 151 2218 Qua
163 2164 257 2233 ratione
271 2164 346 2232 verbu
358 2165 492 2236 qmbusdam
507 2165 668 2224 vocabulisque
681 2171 767 2210 ueteres
776 2164 875 2210 immise-

122 2229 182 2266 runt
190 2223 207 2266 Is
216 2224 298 2266 interae
307 2228 423 2278 spartium.

102 2285 127 2332 1.
137 2284 170 2330 H
178 2283 291 2341 literam,
302 2282 357 2331 sive
366 2283 441 2329 ilium
450 2281 571 2341 spiritum
578 2282 670 2344 magis,
681 2296 756 2341 quam
764 2282 876 2341 itteram,

70 2350 121 2399 dici
132 2351 247 2410 oportet,
261 2349 410 2397 inserebant
419 2364 476 2397 eom
485 2352 587 2396 veteres
597 2350 681 2396 nostri
689 2350 820 2409 plerisque
829 2361 876 2395 vo-

69 2419 141 2466 cibus
158 2419 298 2464 verborum
313 2418 443 2464 firmandis
458 2417 678 2477 roborandisque,
697 2419 727 2464 ut
740 2429 820 2463 sonus
834 2429 878 2462 eu-

68 2500 123 2533 rum
134 2487 208 2533 esset
217 2484 328 2531 viridior
337 2479 517 2543 vegetiorque¹3
532 2485 608 2541 atque
618 2485 646 2533 id
655 2483 775 2530 videntur
785 2482 878 2531 fecisse

67 2554 156 2601 studio
171 2554 200 2601 et
213 2552 336 2610 exemplo
349 2552 455 2610 linguae
470 2550 581 2597 Atticae.
616 2554 641 2597 2.
662 2552 730 2597 Sstis
746 2550 815 2596 enim
829 2561 878 2594 no-

9 2670 13 2685 ,
68 2624 120 2667 tum
131 2622 183 2680 est,
198 2618 300 2666 Atticos
309 2611 398 2679 ἰχθύν,
413 2612 483 2682 ἱρόν,
499 2619 551 2675 [et]
561 2618 643 2663 multa
653 2617 743 2663 itidem
752 2616 826 2671 tolia,
840 2613 877 2658 ci-

69 2690 220 2737 tremorem
229 2686 346 2747 gentium
356 2685 481 2734 Graeciae
493 2687 649 2743 ceterorum,
662 2681 814 2744 inspirantis
823 2677 878 2736 pri·
