2067 3034
334 155 414 207 ΜΒ.
433 156 469 207 X·
505 157 596 207 GAP.
614 159 640 208 1.
840 160 891 211 213

84 279 200 325 tacerem
209 288 237 323 se
247 276 399 325 certiorem:
417 278 559 325 tertiumne
568 275 696 325 consulet
707 285 843 342 quartum,
858 295 891 327 an

84 348 165 393 tertio
181 346 207 391 et
221 353 317 404 quarto
333 345 469 392 dicendum
483 346 570 392 esset:
593 344 715 401 quoniam
729 346 826 393 Romae
846 348 892 393 do-

85 416 155 459 ctum
164 411 250 458 virum
259 412 345 460 dicere
356 412 473 458 audisset
482 415 561 459 tertio
574 413 599 459 et
610 418 705 472 quarto
716 415 818 473 consul,
838 427 890 460 nou

84 482 192 527 tertium
206 487 394 539 quartumque:
413 479 490 538 idque
505 479 533 525 in
552 477 682 538 principio
696 478 757 526 libri
773 480 891 527 Coelium

84 544 236 605 scripsisse,
254 550 281 593 et
296 547 328 601 Q.
347 545 481 593 Claudium
499 545 527 592 iu
542 545 611 594 libro
627 546 835 594 undevicesimo:
861 550 890 594 0.

83 614 201 662 Marium
210 621 327 659 creatum
337 614 441 673 septimo
451 615 589 674 consulem,
602 612 710 660 dixisse.
737 617 763 659 4.
778 616 818 660 Ad
827 614 891 661 haec

84 693 134 740 ego
148 678 274 738 rescripsi
288 680 356 727 nihil
371 680 493 740 amplius,
513 694 597 738 quone
609 682 688 727 verba
702 682 738 726 M.
754 682 890 741 Varronis,

82 744 206 806 hominis,
218 748 319 807 opinor,
331 761 406 807 quem
414 748 465 795 tuit
474 747 598 794 Claudius
609 760 665 794 cum
676 748 777 804 Coelio,
789 748 889 795 doctio-

82 813 134 872 ris,
154 813 247 871 quibus
260 815 347 862 verbis
362 816 511 872 utrumque,
530 815 561 861 de
577 828 627 871 quo
642 814 675 860 ad
687 828 728 863 me
739 815 888 876 scripserat,

83 880 258 928 decideretur.
293 885 317 928 5.
335 884 401 929 Nam
416 883 443 929 et
456 883 542 929 Varro
558 881 625 929 satis
637 883 740 940 aperte,
759 884 820 941 quid
836 884 887 930 dici

82 951 224 1007 oporteret,
235 948 352 1009 edocuit,
371 950 397 995 et
405 963 454 1008 ego
464 949 589 996 adversus
599 963 665 1007 eum,
676 949 720 1005 qui
730 949 819 996 doctus
830 964 887 997 esse

83 1015 231 1073 dicebatur,
251 1016 323 1063 litem
337 1030 420 1063 meam
434 1018 521 1063 fucere
535 1019 628 1064 absens
639 1016 724 1062 nolui.
759 1019 785 1063 o.
802 1019 888 1065 Verba

81 1082 119 1131 Μ.
134 1082 261 1131 Varronis
276 1096 310 1132 ex
325 1082 393 1130 libro
409 1082 614 1143 Disciplinarum
628 1083 717 1143 quinto
731 1083 795 1130 haec
814 1088 887 1130 sunt:

81 1148 164 1197 Aliud
172 1156 214 1198 est
225 1157 344 1211 quarto
358 1147 583 1211 praetoremfieri
591 1156 618 1197 et
632 1157 802 1211 quartum:
820 1152 889 1211 quod

83 1225 206 1280 quarto
217 1222 302 1266 Iocum
312 1216 490 1280 adsignificat,
497 1234 531 1265 ac
540 1225 595 1266 tres
605 1217 779 1279 antefactae:
792 1232 886 1278 quar-

82 1292 146 1332 tum
165 1292 264 1347 tempus
282 1284 461 1347 ndsigmfieat‚
480 1293 507 1334 et
516 1292 558 1334 ter
576 1293 638 1335 ante
651 1285 767 1349 suetum.
801 1285 887 1346 igitur

83 1352 184 1403 Ennius
193 1361 272 1413 recte,
282 1354 351 1415 quod
358 1356 478 1414 scripsit:

118 1422 258 1480 Quintus
274 1428 373 1481 poter
391 1428 548 1483 quartum
558 1422 610 1485 sit
626 1424 798 1471 consul:-

83 1493 112 1536 et
128 1488 267 1547 Pompeius
287 1491 386 1549 timide,
405 1490 512 1551 quadiu
532 1489 645 1549 theatro,
666 1504 697 1536 ne
716 1491 886 1549 adscriberet,

84 1556 203 1603 consui
218 1559 348 1603 tertium
367 1564 418 1604 aut
435 1559 554 1613 tertio,
572 1563 705 1605 extremas
725 1560 817 1605 literas
836 1572 886 1607 nou

81 1625 199 1683 scripsit.
235 1626 260 1672 i.
276 1624 353 1678 Quod
364 1626 394 1671 de
405 1624 528 1683 Pompeio
537 1625 621 1672 Varro
631 1626 746 1673 breviter
756 1630 783 1673 et
792 1627 886 1672 subob-

82 1703 159 1738 scure
169 1690 245 1748 dixit,
256 1692 318 1738 Tiro
329 1692 443 1749 Tullius,
458 1692 592 1740 Ciceronis
602 1693 719 1752 libertus,
734 1694 762 1740 in
772 1692 887 1752 epistola

82 1758 195 1817 quadam
204 1759 351 1806 enarratius
363 1760 467 1818 scripsit
476 1760 508 1806 ad
518 1760 586 1806 hunc
595 1761 677 1807 terme
686 1761 801 1807 modum:
824 1763 887 1806 cum

80 1826 238 1885 Pompeius,
259 1825 355 1887 inquit,
375 1831 464 1874 aedem
478 1829 613 1874 Victoriae
625 1827 792 1875 dedicaturus
797 1828 885 1890 foret,

81 1896 157 1942 cuius
165 1895 266 1954 gradus
274 1896 328 1940 vice
339 1894 440 1941 theatri
447 1900 540 1952 essent,
556 1908 695 1955 nomenque
705 1896 760 1942 eius
770 1900 798 1940 et
805 1894 886 1939 laona-

81 1974 127 2009 res
137 1962 354 2017 inscriberentur,
369 1965 464 2023 quaeri
470 1968 588 2022 coeptum
598 1969 653 2019 est,
669 1967 756 2008 utrum
772 1960 889 2009 consui

82 2030 188 2075 tertio
206 2029 393 2075 inscribendum
410 2036 489 2089 erret,
512 2045 548 2076 an
567 2032 711 2076 tertium.
745 2028 814 2076 Earn
832 2041 887 2074 reru

80 2093 220 2154 Pompeius
231 2099 429 2156 exquisitissime
439 2098 532 2143 retulit
539 2098 576 2144 ad
585 2098 743 2145 doctissimos
752 2096 869 2143 civitatis
874 2108 887 2153 ‚-

81 2175 191 2222 cumque
212 2162 402 2220 dissentiretur,
422 2168 450 2210 et
463 2176 533 2224 pars
552 2167 667 2223 tertio,
689 2165 740 2211 alii
757 2164 885 2209 tertium

80 2230 245 2277 scribendum
264 2234 459 2288 contenderent,
482 2233 601 2292 rogavit,
620 2231 717 2291 inquit,
739 2232 887 2277 Ciceronem

80 2296 233 2356 Pompeius,
252 2305 290 2352 ut,
307 2304 375 2359 qnod
384 2301 514 2345 etracts'us
523 2299 666 2355 videretur,
683 2300 765 2345 scribi
771 2299 885 2344 iuberet:

80 2371 136 2410 turn
149 2365 299 2411 Ciceronem
310 2369 429 2412 indicere
440 2368 470 2411 de
479 2367 545 2412 viris
554 2367 636 2413 doctis
646 2368 757 2413 ceritum
767 2379 832 2421 esse,
845 2375 885 2421 ne,

77 2445 191 2494 quorum
201 2433 343 2491 opinionem
351 2435 538 2493 inprobasset,
556 2436 627 2492 ipsos
641 2433 774 2480 videretur
786 2434 889 2491 impro-

80 2498 170 2546 basse.
205 2496 345 2547 Persuasit
361 2504 442 2562 igitur
454 2500 590 2561 Pompeio,
609 2505 641 2546 ut
654 2513 735 2560 neque
749 2499 837 2546 terti
842 2510 889 2543 uss

78 2578 162 2626 neque
178 2570 207 2610 te
215 2569 282 2613 rtio
293 2570 468 2615 scridcrctnrs
477 2568 523 2615 sed
532 2568 567 2615 ad
575 2568 708 2614 secundnm
717 2580 797 2627 usque
810 2560 889 2622 Tfie·

3 2681 4 2694 ,
78 2639 142 2679 rent
151 2633 262 2680 literae:
281 2642 311 2681 nt
319 2637 397 2699 verbo
409 2651 458 2681 non
465 2637 616 2695 perscripto
626 2648 668 2682 res
679 2634 777 2695 quidem
786 2632 890 2678 demon·

78 2704 233 2762 erraretur,
248 2700 294 2749 sed
302 2704 378 2751 dictio
390 2710 476 2752 tamen
486 2706 608 2764 ambigua
616 2702 692 2749 verbi
699 2701 804 2748 lateret.
826 2700 850 2744 8.
859 2693 890 2742 ld
