2067 3034
139 153 193 217 lot
390 158 499 213 suut
534 159 695 213 usum

139 284 236 330 serent:
254 284 307 329 tum
317 283 353 329 Μ.
369 284 432 330 Cato
443 282 574 343 exsurgit,
590 284 617 329 et
627 282 739 341 optimos
752 281 940 344 fidissimosque

138 350 239 407 socios,
259 364 367 408 quorum
384 350 475 410 opibus
489 350 642 408 diripiendis
657 351 871 408 possidendisque
886 366 940 399 non

137 418 215 477 pauci
229 431 263 464 ex
274 418 440 463 summatibus
450 417 515 464 viris
527 417 621 462 intenti
635 416 781 475 infensique
791 423 873 476 erant,
894 420 944 464 ‹le-1

138 486 241 530 densum
252 488 480 541 conservatumque
491 484 588 541 pergit:
606 483 801 543 orationemque
815 485 940 544 inclytam

140 550 213 610 dicit,
224 564 287 607 quae
297 553 324 595 et
334 564 451 597 seorsum
461 552 555 606 fertur,
569 551 744 610 inscriptaque
755 555 795 599 est
803 553 857 598 Pro
866 552 941 600 Rho·

140 619 279 678 diensibus,
288 612 317 662 'et
326 617 353 663 in
364 618 453 674 quinto
464 618 598 676 Originum
610 618 676 665 libro
687 620 783 679 scripta
790 623 838 666 est.
859 622 884 665 8.
894 620 942 666 Ti-

138 699 170 731 ro
187 686 272 731 autern
286 685 406 745 Tullius,
424 686 459 730 M.
475 685 609 732 Ciceronis
621 686 742 745 libertus,
761 701 823 734 sane
837 687 942 744 quidem

138 752 191 798 fuit
201 751 308 809 ingenio
318 752 394 797 homo
406 752 532 810 eleganti,
548 757 573 799 et
582 753 773 812 haudquaquam
783 767 870 801 rerum
877 753 942 799 lite·

138 832 276 876 rarumque
290 822 407 865 veterum
426 819 560 866 indoctus:
579 833 675 888 eoque,
689 824 720 868 ab
735 822 840 867 ineunte
854 824 940 868 aetate

139 886 286 932 liberaliter
296 886 425 942 instituto,
440 885 655 933 adminiculatore
665 890 692 933 et
702 889 775 946 quasi
785 888 944 946 administro.

140 952 169 999 in
183 953 275 998 studiis
291 954 425 999 literarum
440 954 530 999 Cicero
544 967 605 999 usus
620 956 668 999 est.
705 959 728 999 9.
753 955 803 1001 Sed
821 957 939 1013 prolecto

138 1020 199 1078 plus
219 1033 297 1066 ausus
322 1023 380 1078 eut,
408 1033 483 1078 quam
500 1022 530 1065 ut
548 1022 657 1067 tolerari
678 1022 829 1079 ignoscique
848 1022 942 1080 possit.

140 1088 183 1134 1⁰.
201 1088 316 1145 Namque
330 1086 467 1145 epistolam
482 1088 637 1147 conseripsit
652 1088 683 1132 ad
693 1090 723 1140 Q.
735 1090 843 1150 Axium,
863 1088 942 1135 fami-

138 1154 231 1201 liorem
246 1154 348 1213 patroni
363 1154 416 1212 sui,
438 1155 596 1201 confidenter
610 1160 635 1201 et
645 1155 721 1201 nimis
736 1155 833 1210 calide,
852 1157 942 1214 inqua

139 1222 243 1268 sibimet
252 1222 323 1267 visus
334 1226 374 1268 est
384 1221 528 1267 orationem
536 1222 612 1267 istam
627 1235 675 1280 pro
685 1223 872 1269 Rhodiensibus
882 1222 942 1272 aeri

140 1288 280 1345 subtilique
295 1288 400 1346 ingenio
416 1291 442 1334 et
452 1288 554 1335 -iudieio
568 1290 757 1347 percensuisse.
794 1293 832 1336 ll.
851 1291 892 1336 Ex
903 1303 941 1339 eu

140 1355 252 1413 epistola
274 1355 376 1401 libitum
400 1357 467 1402 forte
491 1356 568 1403 nobis
591 1360 631 1401 est
648 1357 862 1414 reprehensiones
881 1357 944 1410 eius

139 1423 262 1480 quasdam
277 1423 417 1481 attingere3
436 1422 535 1469 maiore
550 1424 652 1469 seilicet
666 1424 744 1469 uenia
755 1422 944 1482 reprehensuri

139 1490 273 1545 Tironem,
279 1504 352 1547 quarn
363 1492 415 1535 tum
426 1490 473 1535 ille
483 1490 678 1548 reprehenderit
685 1493 815 1537 Catonem.
835 1491 944 1536 Mul»

65 1577 77 1594 ν
138 1557 306 1615 pavitantem
316 1556 424 1614 primurn
434 1558 491 1614 hoe,
500 1557 568 1614 quod
579 1560 641 1603 Cato
653 1558 782 1603 inerudite
791 1551 943 1619 ἀναγώγως,

137 1627 169 1669 nt
183 1624 238 1681 ipse
253 1624 299 1681 ait,
317 1624 445 1682 principio
458 1624 535 1669 nimis
556 1624 679 1670 insolenti
697 1625 824 1682 nimisque
842 1624 896 1669 aeri
912 1628 942 1672 et

139 1690 317 1748 obiurgatorio
328 1703 389 1751 usus
400 1691 446 1748 sit,
467 1706 524 1737 cunr
532 1692 619 1737 vereri
629 1705 686 1737 sese
701 1692 826 1747 ostendit,
844 1705 877 1737 ne
887 1692 941 1737 Pa·

137 1759 200 1815 tres,
215 1757 310 1815 gaudio
326 1760 401 1814 atque
415 1758 518 1804 laetitia
531 1772 618 1804 rerum
631 1772 757 1816 prospere
783 1762 896 1805 estarum
906 1759 941 1808 ds

137 1828 209 1870 statu
218 1824 309 1870 mentis
320 1837 381 1870 suae
392 1826 533 1885 deturbati,
548 1838 603 1871 non
618 1827 681 1871 satis
695 1774 873 1886 nonagenus,
891 1840 943 1871 ne-

137 1891 230 1947 quoad
243 1894 313 1937 recte
327 1890 524 1950 intelligendum
538 1893 772 1950 consulendumque
782 1897 869 1940 essent
879 1893 942 1939 ido-

135 1959 195 2006 nei:
224 1960 263 2005 13.
284 1960 315 2005 In
327 1961 464 2018 principiis
480 1967 577 2013 autent,
592 1960 683 2019 inquit,
698 1963 820 2020 patroni,
835 1963 880 2021 qui
885 1975 940 2019 pro

135 2028 191 2071 reis
200 2019 443 2085 dieunt,eoneiliure
455 2027 505 2073 sibi
512 2034 539 2073 et
549 2029 715 2087 complacare
727 2029 822 2076 iudices
832 2029 942 2074 debentr

135 2105 273 2153 sensusque
284 2106 371 2138 eorum
385 2091 581 2152 exspectatione
597 2110 694 2143 causae
703 2108 841 2154 suspensos
850 2098 941 2155 rigen-

136 2165 225 2218 iespue
234 2156 383 2216 honorificis
397 2165 598 2221 verecundisque
607 2166 741 2209 sententiis
752 2164 920 2209 eourmuleere
925 2166 941 2224 ,⁴

134 2239 186 2271 nore
202 2227 305 2272 iniuriis
322 2234 401 2287 utque
417 2230 563 2287 imperiosis
582 2231 820 2275 eomrninationibus
835 2230 941 2290 eonfri-

134 2305 206 2338 eure.
238 2283 277 2337 14.
292 2295 379 2351 lpsurn
389 2294 482 2340 deinde
492 2295 645 2354 principium
657 2296 785 2356 apposuit,
797 2297 869 2342 euius
879 2309 941 2343 ver-

134 2359 169 2403 lia
179 2358 242 2404 haee
252 2361 323 2405 sunt:
342 2361 401 2407 Seio
417 2363 501 2408 solere
507 2365 646 2423 ,plerisque
655 2364 797 2411 horninibus
808 2365 886 2410 rubus
896 2377 941 2411 se-

134 2424 224 2486 cundis
233 2431 313 2485 utque
321 2428 520 2490 prolisisotpue
529 2433 663 2489 prosperis
671 2433 785 2477 unirnum
796 2431 936 2488 excellere,

49 2501 55 2512 ¹
134 2496 215 2549 atque
238 2493 385 2550 snperbiam
409 2501 489 2555 utque
503 2498 678 2558 ferocitatem
699 2511 839 2557 augurare
857 2506 938 2559 atque

134 2570 266 2603 erescere:
285 2559 352 2617 quod
363 2551 430 2608 n'nne
446 2565 509 2608 utini
524 2579 634 2624 rriagnne
645 2580 725 2611 esrae
735 2572 781 2619 eut,
795 2568 864 2624 quad
872 2568 941 2613 duee

134 2637 178 2669 res
195 2630 248 2669 tunt
262 2625 369 2670 secunde
381 2634 555 2688 processerit,
575 2644 606 2677 ue
621 2635 682 2691 quid
689 2636 716 2679 in
727 2633 880 2679 errnsulendo
891 2635 939 2682 ad-

133 2693 208 2739 uersi
219 2694 332 2747 erenr'ut,
344 2696 412 2754 qeiod
419 2703 526 2746 nostras
535 2703 663 2748 secundas
671 2714 715 2750 res
724 2699 865 2762 confricet:
876 2714 941 2749 nere
