2067 3034
324 127 447 175 ΗΒΑ.
482 128 619 177 ΟΑΡΛ.
836 127 871 180 13

63 250 209 307 citream,
218 248 266 295 sed
276 257 423 308 quocunque
432 247 557 306 verterint,
563 244 633 292 hauc
643 243 692 294 att
697 260 752 294 reue
760 254 870 308 praeet-

63 316 100 363 ‹lc'o
108 320 229 376 eperunt
230 315 365 375 futurum
376 311 544 359 &Videbatur
557 314 751 372 cumpluribus
744 330 772 361 ιιι
779 320 870 364 extre

2 397 10 412 ·
64 381 198 426 nuverbu
216 378 391 424 mendaessc
406 375 534 423 Debuisse
549 390 618 423 emm
630 377 708 424 scribi
721 381 871 439 [putabant]

65 460 115 495 uon
127 447 258 503 futurum,
269 444 460 505 sedfutaram:
469 456 553 501 neque
564 443 724 503 dubitabant,
734 446 797 504 quin
806 447 873 494 liber

65 512 244 560 emendandus
254 514 338 571 esset,
352 524 402 574 ne,
416 509 487 556 utin
496 510 585 556 Plauti
595 512 731 560 comoedia
739 513 872 575 moechus,

63 574 114 641 (sic
121 579 196 626 enim
207 579 317 625 menduc
327 591 389 625 suae
399 576 576 637 illuuisbsnu)
583 577 620 624 ita
629 579 657 624 in
664 578 799 627 Ciceronis
809 593 872 628 cra-

62 647 134 694 lioue
154 645 332 693 soloecismus
354 646 425 691 esset
443 643 648 691 manifestarius.
682 646 872 694 ceneracici

63 715 132 761 terte
153 713 255 759 amicus
279 715 384 773 noster,
408 711 485 758 homo
507 711 620 758 lectione
634 713 715 759 multa
730 715 870 776 exercitus,

63 780 104 828 cui
114 780 245 838 pleraque
262 778 351 825 omnia
359 780 475 825 veterum
491 777 625 824 literarum
640 779 770 842 quaesitu,
787 781 871 829 medi-

61 851 115 894 tata
125 846 307 906 evigilataque
318 847 400 892 erunt.
425 847 448 890 5.
467 846 492 890 ls
504 844 573 907 librp
584 845 751 910 inspectcait,
768 848 870 897 nullum

60 928 117 962 esse
129 914 161 960 in
173 926 205 959 eo
217 915 299 960 verbu
310 926 397 971 neque
405 911 626 971 mendum‚ncque
637 913 742 961 vitium:
760 914 867 962 Cicero·

60 995 119 1028 nem
129 983 213 1040 probe
229 993 259 1027 ec
276 982 381 1026 vetuste
399 979 525 1025 locutum.
560 980 585 1023 6.
604 981 670 1026 Nam
679 982 814 1042 futurum,
826 982 869 1028 in-

60 1048 130 1110 quit,
141 1061 198 1094 non
208 1049 325 1094 refertur
335 1047 368 1092 ad
377 1060 440 1107 rem,
452 1045 519 1092 sicut
529 1045 677 1103 legentibus
684 1050 781 1094 temere
792 1054 817 1097 ct
827 1050 869 1094 in-

60 1116 171 1164 curiose
184 1114 304 1171 videtur,
318 1127 401 1171 neque
416 1126 463 1174 pro
478 1112 617 1172 participio
633 1114 746 1172 positum
757 1118 810 1162 est:
824 1115 869 1162 sed

60 1184 172 1230 verbum
182 1185 225 1227 est
233 1181 406 1238 indefinitum,
422 1180 491 1238 quud
502 1180 596 1227 Graeci
607 1182 742 1240 appellant
751 1174 870 1245 ἇπαρίμ·

59 1263 162 1314 φατον,
188 1261 274 1307 neque
289 1248 404 1295 numeris
418 1261 503 1306 neque
516 1247 659 1305 generibus
678 1249 870 1308 praesetnem,

61 1317 110 1365 sed
118 1316 237 1363 liberum
243 1315 357 1372 undique
368 1318 393 1361 et
403 1313 612 1373 impromiscuum
623 1318 671 1361 est.
706 1318 731 1362 l.
750 1316 830 1371 Quali
840 1318 867 1362 C.

60 1383 197 1431 Gracchus
204 1385 354 1431 verbcusus
361 1381 433 1431 estin
444 1381 574 1441 oratione,
582 1381 655 1428 cuius
665 1382 756 1429 titulus
766 1389 819 1432 est:
828 1383 871 1430 De

60 1453 162 1510 Quinto
176 1449 280 1510 Popilie
288 1452 389 1496 circum
399 1449 589 1504 conciliabula,
604 1448 631 1494 in
644 1449 737 1507 quaita
747 1450 871 1508 scriptum

2 1536 8 1553 ·
59 1522 114 1567 est:
138 1517 227 1564 Credo
244 1531 290 1578 ego
304 1519 500 1564 iuimc'cocececs
515 1514 564 1562 hoe
579 1516 715 1563 ducturum.
739 1518 871 1573 luimr'coc,

59 1584 157 1645 inquit,
175 1584 316 1644 dicturum,
331 1586 358 1631 et
367 1597 421 1630 non
432 1583 556 1629 dicturos.
592 1585 616 1628 8.
633 1583 776 1631 videturne
786 1597 817 1631 eu
826 1596 870 1631 re·

60 1652 261 1710 cionepositum
268 1664 325 1698 esse
336 1652 403 1709 apud
410 1649 552 1697 Gracchum
561 1649 695 1709 ducturum,
701 1666 751 1710 qua
758 1654 798 1699 est
803 1651 871 1710 apud

61 1719 221 1766 ciceronem
240 1714 386 1781 futurum?
407 1716 520 1764 Sicutin
540 1716 639 1763 Graeca
658 1719 793 1778 oratioue,
815 1719 871 1764 sine

59 1787 118 1834 ulle
128 1786 192 1832 vitii
206 1785 371 1845 suspicione,
382 1784 499 1831 omnibus
510 1784 623 1830 numeris
637 1786 825 1856 generibusque
834 1782 872 1830 si-

60 1868 95 1901 nc
104 1852 262 1900 discrimine
273 1851 448 1898 attribuuntur
457 1850 636 1897 huiuscemodi
645 1854 737 1899 verba.
747 1844 870 1910 ποιήσω,

60 1918 184 1979 ἔσεσθαι,
195 1915 285 1975 teucer
297 1921 325 1964 et
334 1917 439 1964 similia
475 1920 500 1963 9.
518 1920 550 1963 ln
560 1919 609 1963 CL.
615 1932 716 1977 queque
725 1917 870 1977 Quadriga-

60 1987 96 2036 rii
107 1985 193 2033 tertio
205 1985 296 2032 arurali
306 1985 374 2033 libro
384 1985 461 2034 verbe
471 1982 536 2031 haec
547 1998 604 2031 esse
612 1985 693 2033 dixit.
704 1986 805 2033 Dum'
782 2001 802 2031 u
811 2000 871 2033 cou-

61 2056 233 2113 siderentur,
250 2053 360 2099 Itottiuru
377 2054 467 2112 copias
485 2053 524 2099 ibi
538 2058 680 2112 occupatae
690 2053 823 2115 futurum.
840 2055 871 2099 ln

62 2119 279 2169 duodevicesimo
287 2118 828 2179 annalieiusdemQuadrigariiprincipium
836 2119 872 2165 li·

62 2189 102 2236 bri
115 2188 158 2235 sic
168 2186 307 2246 scriptum:
319 2188 406 2247 Sipro
419 2192 465 2233 tua
477 2188 624 2234 lenitateet
633 2194 726 2233 nostru
737 2189 871 2234 uoluntate

62 2257 114 2303 tilu'
125 2254 254 2302 valetudo
271 2256 402 2315 suppetit,
418 2254 541 2316 estquod
557 2267 701 2314 speremus,
721 2253 780 2303 dece
799 2255 872 2302 bcm's

61 2322 289 2384 benefacturum.
325 2321 366 2367 lc.
389 2323 453 2370 ltem
465 2321 492 2375 in
501 2320 604 2368 Valerii
612 2320 726 2373 Antiatis
743 2324 833 2381 quarto
844 2325 872 2369 ct

61 2389 192 2438 vicesimo
207 2388 290 2435 simili
299 2388 376 2435 modo
389 2388 513 2446 scriptum
525 2400 596 2434 esse:
612 2389 643 2436 st
652 2389 703 2435 hae
714 2403 757 2437 rec
768 2389 871 2436 diuinae

55 2458 159 2521 fectae
176 2459 280 2516 riteque
294 2457 442 2515 perlitatae
454 2461 552 2515 esseut,
569 2457 722 2516 haruspices
739 2457 871 2517 dixerunt,

62 2528 151 2575 onata
163 2537 200 2571 ee
212 2525 345 2570 sententia
351 2535 536 2582 processurum
547 2537 611 2570 esse.
630 2523 784 2571 ll.Pleutut
793 2521 872 2568 etiam

61 2590 219 2650 incenium,
236 2604 294 2636 cum
310 2589 440 2648 depuelle
454 2589 620 2648 loqueretur,
635 2592 778 2639 occisurum
793 2587 871 2646 dixit,

2 2670 10 2695 ³
62 2655 445 2718 conumeraremhisremie:
