2067 3034
312 130 382 177 nra
403 129 459 177 ιιι.
494 127 576 183 cnr.
596 130 634 176 ra
834 125 878 198 ,ss

73 247 229 308 appellatos,
237 246 282 306 qui
292 246 445 304 sententiam
454 246 482 293 in
492 250 582 295 senatu
593 259 645 294 non
657 245 742 295 verbis
752 245 876 302 «licerent.

73 316 118 363 sed
133 316 162 362 in
177 315 291 361 alieusrn
306 314 582 373 sententiam-pedibus
590 314 668 360 irent.
703 319 727 360 2.
747 314 816 367 Quid
827 315 877 373 igi·

74 386 134 430 turi
170 384 233 428 Cum
252 381 506 428 senatusconsultum
525 395 570 440 per
589 380 774 446 ‹liscess‘onem
793 383 877 438 fiebat,

73 464 160 497 nonne
177 448 294 495 universi
308 452 443 495 senatores
459 448 614 495 sententiam
625 448 731 507 pedibus
742 449 878 495 terebentt

75 520 99 564 3.
118 519 204 574 Atque
216 515 367 562 haeretiarn
380 515 500 562 vocabuli
509 515 585 561 istius
595 514 663 562 ratio
674 514 782 572 dicitur,
803 528 879 572 quarn

76 584 173 631 Gabios
188 582 284 629 Bassus
303 582 331 629 in
351 582 544 630 commentariis
556 582 610 628 suis
626 582 747 641 scriptam
761 582 877 640 reliquit.

74 655 99 699 4.
117 651 264 696 Senatores
270 649 338 696 eninr
349 650 412 696 dicit
421 649 450 696 in
459 652 578 696 veterum>
591 653 689 711 aetate,
705 649 750 707 qui
761 650 879 695 curulem

73 717 254 776 magistratum
268 718 419 775 gessissent,
440 730 516 763 curru
531 716 625 762 solitos
640 716 746 763 honoris
756 717 841 774 gratia
850 716 879 761 in

75 784 173 831 suriam
187 783 259 842 rehi3
278 783 306 829 in
319 798 368 841 qua
383 798 459 832 curru
472 784 540 829 sella
549 786 626 842 esset,
642 796 722 841 supra
730 793 804 841 qnam
815 797 878 829 con·

75 851 207 909 sidereutp
218 864 283 907 quse
294 852 393 897 obeam
404 864 504 897 causam
515 852 614 897 curatis
629 851 818 908 appellaretur:
833 849 878 896 secl

76 931 121 965 eos
137 920 286 975 senatores,
306 917 350 975 qui
363 918 541 976 magistratum
551 917 665 964 curulem
678 917 791 963 noudum
802 931 878 975 cepe-

74 986 143 1044 runt,
162 984 276 1043 pedibus.
282 983 390 1032 itavisse
404 986 434 1031 in
442 985 559 1031 curiam:
580 987 718 1043 propterea
734 987 878 1042 senatores,

76 1052 193 1099 nondum
202 1051 341 1099 maioribus
351 1052 491 1098 honoribus
502 1054 614 1106 functos,
624 1052 750 1110 pedars'cs
758 1050 878 1097 nornine·

76 1122 129 1164 tos.
164 1120 187 1163 5.
204 1120 404 1165 Moreosautem
415 1121 496 1165 Varro
510 1118 541 1164 in
550 1117 798 1177 Satyrsltlenippea,
811 1130 878 1174 quae

72 1178 216 1231 Ἰπποκὺων
225 1185 349 1243 inscripta
359 1189 412 1242 est,
426 1186 525 1243 equites
540 1186 664 1242 quosdam
678 1182 879 1244 dicit'pcdurs'as

75 1251 235 1311 appellatos:
254 1252 408 1310 videturque
426 1265 472 1298 eos
487 1252 644 1312 significare,
664 1252 716 1309 qui,
734 1252 849 1310 nonrlunr
862 1264 879 1299 a

76 1319 229 1366 censoribus
238 1318 266 1364 in
277 1324 394 1366 senatum
401 1321 471 1379 lecti,
477 1322 611 1365 senatores
621 1319 724 1377 quiden
734 1333 787 1365 uon
796 1321 878 1376 erant,

76 1387 134 1442 seri,
150 1385 211 1443 quia
219 1385 364 1433 bonoribus
372 1387 463 1445 populi
471 1387 513 1432 usi
524 1382 652 1449 [quidem]
662 1389 744 1445 erant,
764 1386 792 1432 in
802 1399 879 1432 sens·

75 1457 129 1499 turn
141 1452 292 1510 veniebant,
311 1456 337 1499 et
349 1454 493 1500 sententiae
508 1454 549 1499 ius
563 1453 701 1500 habebant.
721 1455 757 1504 a.
776 1455 843 1500 Nam
852 1456 880 1498 et

77 1519 213 1567 curulibus
221 1520 412 1579 magistratibus
423 1520 512 1577 functi,
527 1519 571 1578 qui
581 1519 695 1566 nondum
703 1533 721 1567 a
729 1520 879 1567 censoribus

76 1586 106 1633 in
117 1589 237 1633 senatum
252 1586 316 1633 lecti
330 1591 419 1646 erant,
439 1590 571 1633 senatores
583 1600 636 1633 non
645 1589 732 1633 crant:
752 1590 777 1634 et
789 1586 879 1644 quiin

75 1654 218 1714 postremis
227 1653 317 1713 scripti
327 1657 409 1712 erant,
426 1655 646 1712 nonrogebantur
655 1654 810 1707 sententias,
824 1653 878 1709 sed,

75 1735 139 1779 quas
150 1717 281 1780 principes
291 1721 419 1778 dixerant,
430 1721 457 1769 in
468 1734 511 1768 ess
522 1720 694 1767 discedebant.
728 1722 753 1767 7.
772 1722 829 1767 Hoc
838 1720 879 1765 si·

74 1788 214 1847 gnificabat
223 1788 351 1846 edictan
366 1802 416 1845 quo
426 1802 493 1835 nunc
503 1801 605 1845 quoque
616 1788 750 1846 consules,
770 1801 827 1833 cum
837 1800 880 1834 se-¹

73 1858 182 1903 natare·
193 1855 328 1901 incuriam
338 1858 441 1916 vocam,
461 1855 603 1902 servandae
613 1854 809 1900 consuetudinis
819 1867 880 1899 cau·

74 1935 103 1969 sa
113 1922 282 1969 translaticio
291 1926 408 1969 utuntur.
444 1926 467 1969 8.
473 1923 563 1981 ⁴Verbo
573 1920 650 1967 edicti
659 1921 725 1967 baec
735 1923 808 1966 sunt:
818 1920 879 1973 SE-

74 1986 882 2045 NATORES,QU113.USolNSENATthENTEN·

74 2058 179 2104 ΤΙᾹΜ
197 2057 346 2104 lllGERE
364 2058 491 2103 nrcET·
511 2056 643 2102 &Versum
654 2067 755 2111 quoque
765 2053 882 2112 Laberii,

73 2122 100 2170 in
110 2138 164 2182 quo
174 2124 203 2169 id
213 2125 367 2171 vocabulum
378 2124 488 2183 positum
500 2124 549 2180 est,
566 2123 652 2168 notari
661 2120 792 2184 iussimus,
803 2135 878 2180 quern

73 2191 188 2251 legimus
199 2190 229 2238 in
237 2191 324 2251 miano,
335 2191 380 2249 qui
389 2191 524 2249 Scriptura
534 2189 674 2248 inscriptus
685 2191 740 2234 cst:

111 2279 203 2335 Caput
210 2278 265 2322 stne
274 2276 366 2336 lingua
370 2275 490 2334 pedurio
496 2274 626 2322 scatentia
635 2279 687 2319 est.

73 2359 119 2406 1⁰.
137 2360 196 2406 Hoc
205 2358 362 2406 vocabulum
371 2371 387 2404 a
395 2357 527 2422 plerisque
537 2355 705 2402 bnrbarerlici
716 2355 880 2404 animativer·

71 2427 163 2475 timus.
200 2428 267 2474 Nam
275 2425 456 2486 prepcdars'r‘s,
464 2427 597 2485 pedaneos
607 2424 750 2482 appellant.
