2067 3034
161 108 196 170 10
412 109 521 158 nubs
557 110 717 159 assitis

162 241 325 288 consequens
336 225 441 288 quidem
449 227 536 273 brerat
546 226 585 272 sic
594 228 694 276 dicere:
705 233 732 275 et
742 228 788 289 qui
795 229 883 288 dedet,
895 232 923 278 ia
934 242 965 278 eo

160 298 302 358 ipso‚qaod
311 296 391 352 debes,
398 295 485 357 refert
489 308 501 353 ,·
512 293 723 351 qnodabsurdnrn
733 296 966 346 etnimiscoactum

164 366 246 421 iuret,
260 364 284 410 si
293 363 407 411 noudum
420 359 548 408 redditam
561 361 670 419 gratiam
676 376 708 409 eo
723 363 780 422 ipso
790 364 917 411 redditam
926 364 967 410 di·

165 434 249 493 ceret,
269 430 331 488 quia
354 429 468 475 debetur.
512 430 538 473 8.
560 429 709 475 lmmutavit
727 444 805 493 ergo,
825 431 925 490 inquit,
940 434 967 477 et

162 497 280 547 subdidit
290 499 395 544 verbum
406 494 431 542 ei
441 496 536 550 verbo,
547 495 617 551 quod
629 496 764 557 omiserat,
775 498 925 558 finitimum,
937 502 967 545 ut

164 566 297 614 videretur
309 566 336 611 et
349 575 452 610 sensum
465 560 609 610 debitionis
617 564 735 610 bullatae
745 577 801 611 nun
818 564 966 624 reliquisse,

166 636 193 680 et
202 630 405 679 concinnitatem
416 628 561 676 sententiae
570 630 720 677 retinuisse.
735 631 775 676 Ad
784 631 852 679 bunc
863 633 968 679 modum

165 699 282 746 lulianus
302 697 430 745 enodabat
452 695 659 755 diiudicabatque
678 699 794 744 veterum
813 699 967 756 scriptorum

165 765 325 827 tententiae,
335 777 398 826 quas
409 763 477 824 apud
485 777 544 812 eum
554 763 733 812 adolescentes
743 763 905 814 lectitabant.

437 941 623 999 CAPUT
658 943 693 996 V.

192 1037 425 1088 Quodlleanostbeues
433 1037 514 1082 rietur
523 1039 587 1081 culm
595 1035 700 1092 eorporis
707 1041 777 1094 ntqsu
785 1033 869 1078 aestua
875 1032 968 1089 probris

223 1093 330 1146 obnoxiu,
336 1093 463 1151 infirmique
468 1093 584 1138 munditia
587 1093 654 1150 fam
664 1096 765 1150 quodque
774 1091 829 1134 item
834 1089 967 1135 Hortarius

223 1157 305 1194 orator
315 1150 343 1193 ob
351 1149 462 1193 eiusmodi
468 1150 593 1192 munditias
602 1155 732 1206 gestumque
740 1149 765 1190 s'n
775 1153 863 1203 agendo
871 1146 966 1189 histrio·

222 1205 298 1249 uicum
307 1204 431 1262 Dionysiae
440 1204 600 1249 saltatriculae
609 1210 758 1260 cognomento
770 1206 918 1261 compellatus
928 1208 968 1247 est.

204 1300 227 1345 l.
245 1298 444 1350 Demosthenem
459 1300 564 1346 tradunt
579 1301 605 1346 et
618 1296 718 1348 vestitu
731 1296 835 1344 siucero
855 1297 882 1344 et
895 1295 967 1341 cultu

164 1366 284 1424 eorporis
303 1367 387 1414 nitida
406 1369 566 1426 venustoque
584 1366 713 1424 nimisque
733 1367 853 1412 accurato
875 1362 966 1409 tuisse.

165 1433 234 1482 Hinc
246 1432 324 1480 etiam
336 1426 425 1496 κομψή
437 1434 487 1483 illa
493 1430 594 1493 χλαινὶς
602 1431 646 1478 καὶ
654 1430 768 1494 μαλακοὶ
776 1428 925 1489 χιτωνίσκοι
936 1428 967 1475 ab

166 1499 275 1547 aemulis
286 1500 491 1559 adversariisque
502 1503 598 1559 probro
610 1501 677 1547 data.
688 1500 755 1546 Hinc
765 1498 843 1546 etiarn
850 1496 967 1554 turpibus

166 1566 331 1626 indignisque
342 1566 433 1615 ineum
443 1568 530 1615 verbis
541 1582 593 1615 non
606 1570 788 1628 temperatum,
804 1565 866 1623 quin
878 1562 968 1622 pariun

166 1633 219 1690 vir,
240 1634 267 1680 et
282 1648 327 1681 ore
350 1648 450 1694 quoque
465 1636 569 1693 polluto
584 1634 721 1682 diceretur.
761 1636 785 1680 2.
804 1632 843 1679 Ad
857 1630 968 1679 eundem

165 1700 269 1748 modum
286 1702 444 1749 Hortensius
463 1702 580 1749 omnibus
601 1703 681 1749 terme
701 1700 850 1749 oratoribus
872 1696 968 1743 aetatis

167 1780 243 1827 suae,
258 1767 311 1814 nisi
325 1770 361 1815 M.
379 1769 481 1829 Tullio,
492 1768 604 1824 clarior,
619 1771 686 1827 quod
702 1770 782 1815 multa
797 1766 878 1824 [cum]
892 1778 971 1812 mnn-

166 1832 231 1880 ditia
247 1837 273 1881 et
289 1835 472 1894 circumspecte
487 1836 681 1895 compositeque
695 1836 800 1882 indutus
814 1836 841 1880 et
856 1832 966 1879 amictus

165 1902 248 1963 esset,
271 1915 412 1959 manusque
432 1903 487 1950 eius
511 1902 581 1949 inter
605 1903 730 1961 agendum
748 1904 837 1948 forent
856 1902 965 1959 argutae

166 1968 301 2015 admodum
311 1971 337 2016 et
346 1973 498 2030 gestuosae,
508 1969 654 2016 maledictis
670 1967 966 2027 compellationibusque

165 2034 419 2093 probrosis'iactatus
429 2039 478 2096 cst,
488 2037 619 2095 multaque
629 2038 657 2083 in
663 2051 729 2094 eum,
739 2034 847 2094 quasiin
855 2032 966 2081 histrio-

164 2115 232 2161 nem,
243 2101 269 2149 in
281 2102 441 2161 ipsis-causis
451 2107 528 2161 atque
538 2103 643 2151 iudiciis
651 2104 718 2150 dieta
729 2105 798 2149 sunt.
817 2104 840 2148 3.
850 2100 902 2148 Sed
909 2114 966 2147 cum

162 2169 192 2217 L.
213 2171 373 2230 Torquatus,
395 2170 542 2230 subagresti
560 2170 637 2218 borno
657 2169 764 2228 ingenio
786 2170 812 2215 et
829 2166 965 2226 infestive,

162 2235 268 2295 gravms
275 2236 441 2295 acerbiusque
447 2237 515 2297 apud
522 2237 659 2284 consilium
665 2236 854 2295 iudicum,cum
861 2235 892 2281 de
903 2245 965 2280 cau-

163 2316 194 2350 sa
204 2303 295 2349 Sullae
303 2308 485 2366 quaereretur,
495 2318 550 2350 non
561 2304 614 2350 iam
622 2302 777 2350 histrionem
786 2316 844 2348 enm
853 2315 911 2348 esse
923 2299 966 2346 dia

163 2372 247 2427 ceret,
259 2371 311 2416 sed
324 2370 520 2429 gesticulariam
529 2371 732 2429 Dionysiamque
742 2384 800 2416 cum
808 2368 963 2415 notissimae

164 2436 345 2484 saltatriculae
362 2437 468 2486 nomine
483 2436 642 2496 appellaret:
659 2440 713 2484 tum
726 2450 792 2483 voce
800 2435 877 2482 molli
887 2438 964 2492 atque

163 2503 273 2551 demissa
288 2505 456 2553 llortensius:
473 2505 615 2566 Dionysia,
633 2504 733 2564 inquit,
748 2504 879 2563 Dionysia
893 2501 962 2549 mato

165 2571 280 2633 equidem
291 2586 355 2630 esse,
374 2587 452 2633 quam
462 2574 531 2634 quod
538 2579 582 2630 tu,
604 2574 752 2634 Torquate,
765 2564 887 2633 ἄμουσος,
898 2561 964 2616 ἅνα-

162 2630 293 2704 φρόδιτος,
303 2632 514 2705 ἅπροσδιόνυσος,

354 2754 363 2785 Ι
