2067 3034
318 158 390 204 1218.
408 160 457 205 lv.
494 161 537 203 CA
545 159 573 204 Ρ.
593 162 618 204 i.
636 163 660 205 8.
843 154 895 207 10⁹

88 290 191 334 quoque
206 274 307 321 hostiae
323 276 456 332 (licuntur,
475 290 540 332 qnae
551 281 610 322 ante
622 277 746 323 sacrificia
756 277 895 327 sollemnia

12 395 13 402 ἵ
88 343 172 401 pridie
187 345 339 389 caeduntur.
375 346 399 387 8.
417 344 505 390 Parca
521 344 598 389 etiam
610 347 791 403 praeciderem
804 348 894 404 appel·

87 411 155 465 lata,
176 424 252 467 qnam
265 410 363 467 piaculi
377 410 462 468 gratia
477 413 537 456 ante
551 411 638 469 fruges
655 425 738 457 noras
749 417 836 469 captas
846 413 894 458 im-

89 476 184 524 molari
195 478 283 522 Cereri
292 490 347 522 mos
358 478 416 533 luit,
427 477 449 523 si
459 478 503 535 qui
514 478 638 524 familiam
648 481 776 525 funestam
786 482 830 524 aut
840 493 893 527 non

88 547 271 604 purgaverant,
283 547 326 589 aut
335 544 414 590 aliter
423 558 479 590 eam
490 559 552 604 rem,
567 559 642 602 quam
653 548 814 605 oportuerat,
829 560 891 604 pro.

88 615 252 658 curaverant.
289 614 312 656 9.
331 611 383 656 Sed
397 625 502 670 porcam
516 615 542 657 et
552 612 650 658 hostias
661 611 781 671 quasdam
790 613 892 671 praeei-

88 679 203 732 drmeas,
222 677 300 723 sicuti
314 677 385 735 dixi,
402 678 530 738 appellari
543 679 623 737 vulgo
633 683 723 726 notum
733 683 783 737 eet3
796 681 891 742 ferias

84 746 279 805 praecidaneae
298 744 361 808 diui,
381 745 417 801 id,
437 745 541 805 opinor,
561 759 576 792 a
595 747 674 804 vulgo
693 749 819 793 remotum
839 750 887 793 est.

89 816 127 858 1⁰.
146 814 288 869 Propterea
304 812 479 859 rerba-Attali
494 813 628 871 Capitonis
645 828 680 861 ex
697 814 787 871 quinto
804 814 887 860 libro-

85 894 154 936 rum,
173 893 238 936 qnos
254 881 292 924 De
306 880 442 926 Pontificio
458 880 515 925 inre
529 881 687 938 oomposuit,
707 880 810 939 scripsi:
831 883 885 927 Tio.

86 949 249 1002 Coruncanio
265 944 388 1005 pontifici
408 950 522 993 neare‘mo
536 948 630 1009 seriae
646 949 840 1006 praecidaneae
859 953 886 995 ira

83 1022 172 1060 atram
182 1014 248 1058 diem
260 1015 437 1073 trraaguratae
445 1020 513 1061 sunt.
552 1016 692 1073 Collegium
703 1015 825 1070 decrerit,
835 1031 886 1061 non

83 1080 228 1127 labendum
245 1082 379 1143 relegebat,
397 1084 459 1143 qaia
475 1096 505 1128 eo
522 1082 564 1128 aa
572 1083 667 1145 feriae
685 1085 885 1144 praecidaneae

83 1156 177 1198 errent.

341 1213 527 1266 cnPUT
562 1214 633 1267 Vll.

113 1282 147 1327 De
155 1283 258 1339 epistola
271 1282 360 1324 Vre-terii
369 1281 445 1331 Probi,
460 1282 622 1336 grammatici,
638 1283 671 1325 aet
679 1280 815 1325 Marcelline
825 1283 884 1326 reri·

134 1346 189 1397 pta,
199 1353 268 1396 super
277 1345 371 1381 accentu
379 1339 497 1380 nominum
507 1341 650 1395 quorundam
659 1336 807 1381 Pemicorum.

115 1416 141 1462 1.
158 1414 282 1478 Valerius
297 1416 395 1460 Probas
409 1416 589 1473 grammaticus
604 1415 673 1462 inter
687 1428 759 1460 auam
775 1415 886 1472 aetatem

12 1527 14 1542 ,
81 1482 227 1542 praestanti
241 1483 350 1529 seientia
363 1481 422 1527 fuit.
457 1485 481 1527 2.
500 1484 525 1527 ls
536 1484 712 1529 Hannibalem
728 1485 754 1527 et
763 1482 885 1527 Hasdru-

81 1551 167 1598 balem
177 1552 203 1595 et
214 1551 395 1596 Hamilcarem
410 1548 447 1596 ita
461 1549 660 1610 pronuntiabat,
678 1552 708 1595 nt
718 1548 885 1607 penultimam

81 1617 311 1663 eirenmlleeteret:
338 1616 450 1663 nttestis
471 1619 511 1661 est
530 1616 643 1673 epistola
661 1616 717 1662 eius
738 1615 885 1672 scriptaad

79 1683 248 1739 Marcellum,
267 1685 294 1729 in
307 1698 357 1743 qna
365 1684 485 1731 Plautum
499 1686 526 1729 et
536 1683 649 1729 Ennium
657 1684 802 1740 multosque
817 1682 884 1728 alios

80 1754 183 1797 veteres
194 1752 314 1797 eomodo
324 1751 507 1809 pronuntiasse
518 1753 633 1796 affirmat.
660 1753 684 1797 3.
700 1750 789 1796 Solius
799 1752 885 1794 tamen

78 1817 161 1864 Ennii
170 1831 275 1864 versum
284 1831 363 1863 unum
371 1818 454 1878 ponit,
468 1832 500 1864 ex
512 1818 590 1874 libro,
604 1817 649 1876 qui
662 1817 749 1877 Scipio
761 1815 885 1862 inscribi-

79 1888 131 1932 tur.
159 1887 184 1930 4.
201 1885 267 1931 Eum
278 1898 388 1944 versum,
399 1886 525 1944 quadrato
536 1898 642 1931 numero
653 1885 756 1940 laetum,
772 1879 885 1930 subieei‘·

78 1966 149 2010 mos,
169 1952 197 1997 in
211 1966 275 2011 quo,
294 1951 350 1997 nisi
359 1954 437 1999 tertia
451 1952 553 2010 syllaba
566 1953 597 1997 de
605 1951 765 1998 'Hannibalis
779 1950 883 1996 nomine

79 2020 247 2066 circumflexa
259 2022 384 2079 ponatur,
401 2032 523 2065 numerus
538 2019 645 2065 claudus
661 2020 709 2064 est.
745 2022 769 2063 5.
785 2018 883 2063 Versus

77 2083 168 2142 Ennii,
178 2100 251 2144 quem
262 2084 306 2132 dix
311 2086 340 2141 it,
351 2087 389 2132 ita
398 2089 450 2133 est:

112 2156 284 2214 Quipropter
293 2154 455 2201 Hannibalis
465 2155 557 2213 copiae
566 2152 743 2201 considerant.

323 2253 509 2304 cnPnT
545 2252 634 2304 Vlll.

105 2321 170 2370 Quid
178 2319 203 2363 C.
212 2317 335 2363 famarm
346 2323 372 2364 rte
383 2319 488 2363 Cornelio
498 2318 598 2374 Rufino,
613 2320 706 2363 homine
715 2331 800 2368 aoaro,
816 2318 882 2361 dito·
962 2343 970 2358 1

132 2375 181 2425 nt,-
200 2390 272 2434 quem.
288 2377 430 2420 mmoaaset
437 2375 582 2433 inimicaeque
591 2382 658 2426 erret,
674 2374 836 2430 designandum
845 2379 883 2416 ta·

130 2444 184 2474 men
194 2433 307 2475 consulem
316 2432 413 2476 mavit.

110 2492 133 2539 1.
148 2491 286 2539 Fabricius
295 2491 425 2538 Luscinus
433 2504 527 2550 magna
537 2491 623 2550 gloria
631 2491 673 2538 vir
681 2490 831 2549 magnisque
841 2489 885 2534 ress
952 2515 956 2524 ·

74 2558 120 2603 aas
134 2559 218 2618 gestis
233 2559 292 2606 luit.
327 2562 352 2605 2.
370 2560 398 2605 Ρ.
412 2559 548 2607 cornelius
561 2559 666 2605 Rufinus
684 2572 763 2604 manu
781 2555 884 2613 quidem

74 2628 197 2672 strenuus
211 2630 239 2672 et
250 2626 365 2673 bellator
373 2629 471 2683 bonus,
488 2625 662 2683 militarisque
672 2624 826 2683 disciplinae
837 2621 883 2666 arl-

72 2695 178 2741 modum
188 2695 288 2752 peritur
299 2693 363 2753 tuit3
374 2695 420 2740 sed
430 2695 508 2741 furax
517 2692 595 2740 homo
604 2697 629 2739 et
639 2692 750 2740 avaritia
758 2689 810 2738 aeri
819 2690 885 2735 erat·
