2067 3034
142 145 195 205 '264
393 157 501 231 aona
538 157 698 204 csnnrr

142 275 242 323 Senees
257 272 377 320 videatur
390 272 505 321 lectione
523 288 553 321 ae
567 274 652 322 studio
667 272 885 321 adolescentium:
904 272 950 332 qul

143 343 269 390 honorem
288 343 453 399 coloremque
473 342 569 388 veteris
592 343 721 388 orationis
737 342 852 389 Soterici
872 340 969 388 lectisv

144 409 313 469 compararit,
333 410 406 466 quasi
421 408 542 456 minimae
557 409 660 455 scilieet
673 409 786 466 gratiae,
806 413 833 455 et
847 409 951 456 relictis

144 477 195 524 iam
210 476 406 533 contemtieque.
444 478 484 522 13.
503 476 600 522 Audias
615 480 700 522 tamen
715 474 910 523 commemorari
920 489 952 522 ae

143 544 238 593 referri
248 557 331 602 panca
345 542 481 602 quaedam,
502 556 568 601 quae
578 543 634 601 ipse
644 544 712 588 idem
722 544 822 590 Seneca
832 546 898 590 bene
910 542 950 589 di·

143 610 226 660 xerit·:
247 611 323 668 quale
333 612 373 655 est
384 610 464 667 illud,
479 610 548 667 quod
563 610 729 656 inhominem
741 624 847 657 avarum
857 613 883 657 et
893 610 952 656 avi-

143 679 204 725 dum
225 679 251 723 et
268 677 392 735 pecuniae
411 676 543 723 sitientem
564 677 647 723 dixit:
683 679 751 735 Quid
769 681 836 724 eninr
854 678 952 740 refert,

144 750 269 807 quantum
283 741 403 791 habeas?
438 745 521 792 Multo
537 746 604 791 illud
613 745 675 804 plus
691 753 742 801 est,
762 746 890 806 quodnon
901 747 952 791 Ιια-

144 815 196 860 bes.
233 813 272 856 14.
291 813 358 857 Bene
374 812 424 857 boo
435 824 508 868 sane,
523 814 596 858 bene.
632 813 683 858 Sed
693 812 898 860 adolescentium
909 812 951 858 in-

144 880 231 927 dolem
240 891 293 924 non
304 882 356 924 tam
369 877 471 940 iuvant,
492 893 557 937 quae
568 880 713 925 benedicta
723 883 799 936 sunt,
824 894 899 937 quarn
909 881 952 925 iu-

144 947 241 1002 fieinnt,
263 959 328 1002 quae
340 946 462 1003 pessime,
482 947 616 1005 multoque
628 948 699 993 tanto
710 948 801 1006 magis,
821 948 845 992 si
856 943 882 993 ei
891 947 952 1007 pln-

143 1028 174 1060 ra
184 1016 257 1070 sunt,
273 1026 338 1070 quae
350 1013 480 1059 deteriora
491 1017 563 1070 sunt,
583 1016 609 1059 et
618 1014 741 1071 quaedam
751 1014 778 1059 in
788 1015 829 1060 his
838 1028 892 1060 non
901 1027 951 1074 pro

145 1081 334 1139 enthymemate
350 1079 438 1137 aliquo
453 1080 492 1126 rei
506 1094 601 1137 parvae
617 1095 647 1128 ac
663 1081 803 1142 simplicis,
823 1082 869 1129 sed
882 1081 951 1129 inre

144 1146 251 1207 ancipiti
262 1161 309 1207 pro
322 1146 432 1193 oonsilio
445 1147 573 1196 dicuntur.
638 1194 641 1200 ,

410 1281 595 1334 CAPUT
630 1282 688 1333 Ill.

174 1353 304 1403 Lictoris
318 1358 509 1417 vocabulumque
518 1360 611 1404 ratione
620 1368 756 1417 conceptum
769 1365 887 1417 orotmqoe
901 1359 949 1409 eit5

200 1421 224 1459 et
237 1428 304 1471 super
319 1429 344 1458 eo
361 1415 462 1459 diversae
476 1417 602 1461 sententiae
614 1418 695 1474 i'algii
703 1416 762 1473 Rufi
770 1423 793 1460 et
805 1415 879 1460 Tullii
887 1416 951 1460 Cice-

199 1472 262 1515 tonis
271 1471 354 1516 liberti

178 1549 203 1594 1.
220 1549 330 1608 Valgius
342 1550 423 1597 Rufus
435 1550 462 1597 in
472 1552 585 1598 secundo
595 1552 730 1607 librorum,
741 1562 805 1608 quos
816 1548 953 1608 inscripsit

145 1614 184 1663 De
194 1617 270 1662 rebus
282 1631 328 1675 per
338 1617 475 1676 epistolam
487 1620 620 1678 quaesitis,
636 1621 752 1665 lictorem
763 1617 827 1663 dicit
838 1631 853 1662 a
863 1618 953 1676 lepon-

145 1683 176 1730 do
187 1685 349 1742 appellatum
360 1698 430 1744 esse,
450 1687 533 1745 quod,
553 1700 608 1732 cunr
620 1687 785 1745 magistratus
796 1684 888 1743 populi
897 1685 952 1730 Ro-

144 1752 214 1798 mani
232 1751 313 1810 virgis
329 1753 474 1811 quempiam
489 1754 623 1801 verberari
634 1754 784 1810 iussissent,
805 1750 952 1799 cruraeius

143 1821 170 1865 et
185 1832 275 1865 manus
290 1818 368 1877 ligari
381 1820 526 1877 vincirique
541 1835 556 1866 a
570 1822 671 1867 viatore
687 1821 766 1867 solita
780 1818 845 1877 sint,
867 1818 951 1876 isque,

143 1885 231 1942 quiex
243 1886 356 1945 collegio
367 1887 496 1934 viatorum
507 1888 616 1934 officium
626 1888 724 1946 ligandi
735 1888 854 1938 baberet,
868 1885 953 1932 lictor

143 1951 178 1998 sit
189 1952 349 2011 appellatus:
367 1955 498 2013 utiturque
510 1955 542 2000 ad
553 1970 608 2001 eam
617 1969 671 2000 rem
681 1952 830 2000 testimonio
840 1954 876 1998 Μ.
885 1952 953 1998 'l'ul-

143 2019 184 2075 lii,
199 2022 326 2075 verbaque
337 2021 393 2067 eius
403 2023 485 2068 refert
495 2035 530 2068 ex
541 2023 673 2073 oratione.
689 2036 753 2079 qnae
769 2020 838 2066 dicta
847 2021 888 2064 est
897 2021 952 2067 Pro

145 2087 172 2131 c.
184 2087 305 2134 Rabirio:
324 2089 422 2148 Lictor,
438 2089 533 2148 inquit,
544 2093 641 2150 colliga
652 2103 751 2136 neonae.
787 2090 811 2133 2.
829 2087 901 2133 Haec
912 2086 952 2134 ita

143 2152 266 2210 Valgius,
287 2157 315 2199 et
329 2168 377 2201 nos
392 2168 453 2202 sane
468 2170 524 2201 oum
540 2156 589 2204 illo
604 2156 739 2204 sentimus.
777 2156 800 2200 3.
819 2153 869 2198 Sed
884 2153 951 2201 Tiro

144 2219 249 2264 'l’ullius
263 2222 298 2265 Μ.
311 2221 445 2268 Ciceronis
457 2222 580 2283 libertus,
600 2226 716 2271 lictorem
731 2221 773 2267 vel
783 2235 797 2266 a
807 2222 868 2266 limo
879 2220 923 2266 vel
935 2233 952 2267 ss

143 2285 203 2331 licio
214 2285 310 2331 dictum
320 2288 437 2346 scripsit:
456 2289 527 2336 Lieio
538 2295 603 2337 enim
613 2299 774 2346 trans-verso,
785 2288 852 2349 quod
860 2289 952 2334 limum

144 2351 316 2409 appellatur,
337 2358 382 2414 qui
399 2359 610 2416 magistratibus,
630 2358 727 2415 inquit,
742 2356 951 2415 praestituimu-

145 2418 217 2476 brmt,
229 2420 307 2464 arbeti
316 2426 400 2467 erant.
435 2424 459 2468 4.
479 2423 507 2469 Si
521 2426 579 2480 quis
591 2429 676 2472 autem
686 2427 739 2479 est,
753 2422 797 2480 qui
807 2425 952 2481 propterea

143 2485 218 2541 putet
228 2486 387 2540 probabilius
398 2501 467 2547 esse,
483 2490 552 2546 quod
563 2493 625 2539 Tiro
637 2492 717 2549 dixit,
733 2488 855 2548 quoniam
864 2490 953 2548 prims

143 2549 245 2608 syllaba
254 2549 281 2594 in
292 2551 395 2610 lictore,
416 2555 493 2601 sicuti
508 2557 535 2602 in
552 2561 613 2605 licio
627 2560 751 2618 producta
765 2560 819 2613 est,
840 2559 866 2602 et
879 2557 907 2602 in
918 2569 951 2602 eo

144 2616 233 2675 verbo,
244 2617 314 2673 quod
324 2620 364 2663 est
373 2620 432 2680 ligo,
445 2626 564 2680 correpta
575 2627 694 2684 est,nihil
705 2626 735 2671 ad
746 2638 801 2670 rem
809 2623 878 2669 istue
889 2636 952 2683 per-

54 2742 61 2750 .
142 2682 217 2729 tinet.
253 2682 320 2733 Nam
329 2683 367 2732 sie
377 2698 392 2730 a
401 2686 506 2748 ligando
517 2691 605 2752 lictor,
618 2697 647 2740 ut
657 2708 672 2740 a
681 2691 784 2755 legendo
793 2693 885 2753 lector,
896 2693 923 2737 et
934 2701 952 2735 a
