2067 3034
315 113 447 161 1.113.v.
483 112 573 160 GAP.
591 114 643 162 oo:
828 113 880 186 143

73 234 174 280 tantam
188 244 247 282 esse
261 230 442 278 anctoritatem
451 232 658 292 potestatemque
669 233 709 280 ias
718 247 771 280 non
780 237 832 296 est,
849 239 880 283 nt

74 301 150 358 eaput
160 298 271 346 liberum
281 298 340 343 fidei
356 312 417 345 suae
431 298 594 345 commissum
603 299 705 347 atienae
715 301 809 347 ditioni
819 305 879 349 sub-

73 366 174 413 iiciunt.
210 366 250 410 11.
267 364 416 411 Libertinos
429 378 492 412 vero
509 367 540 411 ab
555 364 675 424 ingenuis
685 368 805 427 adoptari
821 369 880 426 qui·

74 432 207 479 dominre
222 443 313 490 posse,
331 432 475 479 Massurius
490 432 600 479 Sabinus
615 434 728 493 scripsit.
769 438 809 481 12.
827 436 881 483 Sed

73 499 101 546 id
116 513 201 557 neque
214 498 328 559 permitti
342 498 418 557 dicit,
441 513 526 557 neque
541 500 742 560 permittendum
755 516 814 549 esse
831 516 881 549 un·

73 580 151 624 quam
161 567 246 626 putat,
265 568 295 611 ut
303 566 425 619 ,immines
439 565 556 613 libertini
565 566 666 615 ordinis
676 582 723 627 per
733 569 881 628 adoptatio·

74 647 134 680 nem
144 632 173 679 in
183 632 241 679 iura
251 631 422 691 ingenuorum
432 633 564 681 invadant.
602 636 642 681 13.
659 636 794 693 Alioquin,
805 637 827 683 si
837 636 879 683 iu-

73 700 113 748 ris
124 701 179 746 iota
192 699 337 757 antiquitas
350 703 468 748 servetur
474 695 493 756 ,’
503 700 583 747 etiam
592 714 683 749 servus
693 717 708 750 a
718 703 822 750 domino
834 716 881 764 per

73 771 223 827 praetorem
239 766 296 812 dari
310 766 338 811 in
352 767 519 825 adoptionem
528 770 623 826 potest.
663 771 704 817 14.
722 770 814 832 quue,
833 771 879 829 ait,

73 836 215 894 plerosque
229 833 296 879 iuris
310 835 408 880 veteris
427 837 550 881 auctores
566 847 643 893 posse
661 835 716 882 iieri
733 837 879 896 scripsisse.

75 904 119 949 15.
129 900 365 947 Animadvertimus
376 901 404 947 in
414 901 534 948 oratione
543 901 572 948 Ρ.
583 901 721 964 Scipionis,
732 918 808 962 quam
817 918 880 952 cen·

76 982 122 1016 sor
129 968 221 1015 habuit
230 966 263 1015 ad
276 969 401 1026 populum
411 969 441 1014 de
451 968 576 1029 moribus,
586 968 704 1029 interea,
715 984 779 1027 quae
788 985 880 1029 repre-

74 1035 203 1083 hendebat
215 1035 285 1094 quod
294 1038 383 1081 contre
392 1035 518 1081 maiorum
528 1035 648 1082 instituta
657 1038 755 1092 tierent,
764 1037 791 1083 id
801 1037 881 1086 etiam

76 1116 136 1149 eum
151 1102 311 1164 emperiam,
332 1102 400 1162 quod
413 1102 481 1148 filius
495 1102 632 1162 adoptivus
646 1104 714 1161 patri
730 1103 880 1163 adoptatori

76 1171 144 1216 inter
152 1169 268 1229 praemia
277 1171 379 1228 patrum
392 1168 535 1227 prodesset.
570 1171 609 1216 lt.
627 1172 712 1217 Verba
725 1184 759 1218 ex
775 1186 806 1218 ea
819 1185 881 1219 ora·

75 1237 149 1283 tione
159 1238 222 1285 baec
231 1240 305 1284 sunt:
321 1238 353 1283 In
363 1237 421 1283 olio
431 1237 501 1283 triba
507 1240 653 1297 patronatu
665 1235 813 1295 aliafitinos
821 1239 881 1303 anf-

68 1304 294 1368 froginmferre;
306 1300 395 1363 filiurn
406 1305 557 1364 adoptivum
572 1311 625 1351 torn
631 1306 786 1368 procedere,
800 1318 880 1368 quarn

75 1375 100 1419 si
110 1368 168 1436 [er]
180 1386 207 1420 se
216 1372 429 1432 natnmbabeut5
448 1372 568 1419 absentes
578 1374 682 1421 anseri
692 1374 789 1439 iubere,
804 1381 833 1421 ut
843 1374 881 1421 od

75 1441 573 1489 eoosnmnemininecesanmsitoenire.

286 1570 520 1625 'CAPUT
555 1570 623 1624 XX.

104 1656 173 1706 Quod
179 1656 319 1701 uocabulum
327 1650 878 1711 LotimnnSoloceirmofeceritCupitoSinninrr

131 1711 187 1770 quid
199 1719 276 1756 orrtem
288 1711 313 1754 in
321 1709 394 1766 ipsum
404 1709 575 1767 appellaverint
583 1717 667 1753 ueteres
676 1710 759 1753 Latini
761 1725 770 1758 ;
788 1710 878 1767 quibus·

130 1782 172 1826 qne
180 1767 256 1811 verbio
265 1764 427 1813 Soloocismnm
436 1764 552 1821 definierit
559 1766 619 1810 idem
629 1766 711 1822 Capito
723 1765 822 1811 stanno.
870 1791 871 1794 =

108 1847 135 1891 1.
152 1845 271 1893 Soloec
280 1844 376 1891 ismus
385 1843 479 1889 Latino
490 1842 618 1889 vocabulo
629 1856 644 1889 a
655 1841 747 1890 Sinnio
755 1840 879 1902 Capitone

72 1911 242 1970 eiusdemque
258 1911 352 1959 aetatis
365 1909 426 1958 aliis
440 1911 601 1969 imparilitas
614 1910 759 1970 appellatus
767 1942 775 1970 ‚
790 1913 879 1956 vestu-

73 1979 186 2026 tioribus
196 1978 299 2026 Latinis
309 1978 436 2039 stribiligo
447 1977 593 2039 dicebatur,
609 1991 625 2023 a
638 1990 745 2025 versura
754 1976 879 2024 videlicet

74 2050 101 2094 et
119 2046 248 2104 pravitate
268 2048 400 2094 tortuosae
420 2043 563 2105 orationis,
598 2048 720 2104 tanquam
740 2043 894 2103 strobiligo'

71 2113 206 2171 quaedam.
225 2118 249 2160 2.
262 2114 339 2168 Quod
349 2111 441 2159 vitium
451 2112 558 2180 Sinniqs
570 2112 660 2170 Capito
670 2111 698 2158 in
708 2112 803 2169 literis,
813 2124 878 2171 quas

73 2181 106 2228 ad
118 2177 239 2228 Clodium
249 2182 363 2228 Tuscum
372 2179 453 2235 dedit,
468 2177 539 2227 hisce
549 2180 635 2226 verbis
648 2179 745 2226 definit:
766 2180 880 2227 Soioeci·

73 2262 142 2296 arnns
152 2254 201 2306 cst,
211 2247 302 2310 inquit,
309 2250 428 2308 impares
437 2248 614 2294 inconveniens
624 2250 801 2306 compositura
807 2260 879 2307 pur.

72 2319 136 2363 tinne
146 2316 288 2363 orationis.
323 2318 346 2362 3.
365 2316 429 2362 cnm
443 2314 569 2380 Graecum
583 2318 668 2361 autem
678 2315 832 2362 vocabulum
842 2314 877 2361 sit

73 2380 260 2444 soloecismus,
281 2396 315 2429 an
327 2380 409 2429 notio
421 2380 552 2438 homines,
571 2382 614 2440 qui
632 2382 778 2441 elegantius
796 2381 878 2429 locuti

73 2453 144 2512 sunt,
157 2450 199 2496 usi
208 2463 239 2497 eo
253 2448 314 2506 sint,
325 2449 415 2509 quaeri
424 2448 503 2495 solet.
536 2450 562 2494 4.
580 2448 631 2495 Sed
645 2462 693 2496 nos
703 2461 784 2508 neque
794 2450 879 2496 coloe-

72 2521 179 2566 cismum
197 2531 283 2576 neque
303 2518 495 2565 barbarismum
513 2515 583 2574 opud
598 2518 753 2564 Graecorum
767 2516 878 2563 idoneos

72 2585 158 2633 adbuc
168 2584 323 2632 invenimus.
359 2588 383 2631 5.
400 2585 466 2631 Nam
475 2580 543 2628 sicut
552 2575 699 2646 βάρβαρον,
712 2584 750 2629 ita
759 2575 878 2628 σόλοικον

4 2651 12 2670 '
72 2651 211 2704 dixerunt.
245 2654 271 2699 6.
288 2651 381 2702 Nostri
394 2663 493 2711 quoque
507 2649 665 2709 antiquiores
679 2651 819 2709 solocem,
838 2650 879 2694 ia<-
