2067 3034
330 135 405 183 mn.
424 137 463 184 11.
499 137 582 191 CAR.
601 139 625 185 2.
853 133 886 188 ω

74 254 145 315 quou
161 255 320 314 provolutus
336 253 484 313 effususque
500 253 530 302 in
546 254 613 302 isam
627 252 747 313 plurimis
762 264 790 301 se
804 254 888 312 plagis

73 324 224 371 mulctaret.
264 324 289 367 8.
308 322 374 367 Tum
386 322 544 370 Plutarchus
556 323 628 371 lente
642 324 669 369 et
680 321 793 369 leniter:
817 321 888 375 Quid

74 394 171 449 autem,
181 389 277 450 iuquit,
291 391 410 447 verbero,
424 402 494 436 nune
503 403 553 448 ego
564 390 611 436 tibi
621 389 699 437 irasci
710 388 817 438 vident
843 389 889 438 Ex

77 459 187 505 vultune
197 469 266 513 meo,
280 469 314 502 au
323 469 359 504 ex
370 468 443 512 vooe,
457 469 491 503 ou
499 470 534 504 ex
545 458 642 516 colore,
653 470 687 504 au
698 456 777 504 etium
786 468 822 503 ex
830 468 889 503 ver·

76 525 125 585 bis,
137 527 288 583 correptum
296 536 354 571 esso
363 538 404 570 me
414 523 462 581 ira,
473 524 619 585 iutelligist
652 523 719 570 Mihi
729 522 834 582 quidem
842 537 890 570 ue·

76 604 126 651 que
136 591 224 653 oeuli,
244 591 354 653 opinor,
367 594 455 638 truces
465 594 539 650 suut,
558 605 681 652 nequens
689 591 831 646 turbidum,
843 604 891 639 ue-

76 672 126 718 qoe
140 659 290 706 immaniter
303 658 401 717 alano,
421 672 504 717 neque
518 660 547 706 iu
560 672 675 718 spumam
687 660 841 707 ruborenve
851 659 891 705 et-

77 730 212 782 fervesco,
233 736 319 784 neque
337 726 459 784 pudenda
478 725 537 774 dieo
551 729 601 774 aut
618 725 787 786 poenitenda,
805 739 890 785 neque

77 793 186 842 omniuo
196 793 300 852 trepido
310 792 351 840 ira
365 796 392 841 et
403 793 497 852 gestie.
533 797 557 841 9.
573 795 646 842 Haeo
660 794 731 842 euim
745 791 845 853 omnis,
864 791 890 841 si

77 863 196 920 ignores,
207 861 283 919 sigua
292 872 350 906 esse
360 860 460 909 irarum
469 861 565 909 solent
593 862 631 909 Et
635 861 717 909 simul
727 860 759 908 ad
769 874 836 918 eum,
846 860 891 919 qui

78 928 213 986 caedebat,
225 941 378 977 couversos:
393 929 513 989 Interim,
527 928 622 988 inquit,
632 930 692 976 dum
701 941 750 987 ego
761 930 838 985 atque
845 927 890 975 ine

77 995 254 1055 disputamus,
272 996 322 1044 hoo
335 997 364 1043 tu
377 1009 433 1055 age.
470 998 512 1043 1⁰.
532 995 891 1044 Summasutemtotiusses-

76 1063 179 1110 tentiae
190 1062 272 1110 Tauri
280 1063 345 1111 haee
355 1063 417 1110 tuit:
436 1064 497 1111 Nou
506 1064 576 1111 idem
585 1077 643 1111 esse
651 1061 814 1111 existimavit
823 1053 890 1124 ἆορ·

76 1128 173 1192 γησίαν
182 1128 227 1176 καὶ
236 1126 402 1208 ἀναλγησίαν,
408 1132 532 1189 aliudque
543 1144 599 1179 esse
607 1145 661 1178 non
671 1129 824 1177 iracundum
833 1129 890 1174 ani-

76 1212 157 1253 mum,
163 1198 238 1244 aliud
248 1190 394 1260 ἀνάλγητον
404 1214 446 1244 και
438 1191 621 1259 ἀναίσθητον
635 1198 728 1262 (idest,
734 1197 853 1242 hebetem
863 1200 890 1242 et

76 1264 247 1323 stupentem)
284 1265 351 1310 Nam
363 1266 432 1313 sieut
445 1265 559 1312 aliorum
573 1265 699 1326 omnium,
718 1277 782 1322 quos
798 1263 889 1309 Latini

73 1331 231 1393 philosophi
249 1331 357 1378 affectus
371 1333 414 1378 vel
428 1333 594 1394 affectiones,
616 1331 709 1379 Graeci
722 1323 894 1390 πάθηαρρεί-

74 1399 145 1445 lant:
167 1398 205 1445 ita
218 1398 295 1445 huius
306 1413 409 1479 quoque
416 1404 501 1447 motus
512 1400 604 1459 animi,
624 1400 680 1459 qui,
700 1412 757 1446 eum
771 1401 810 1445 est
823 1397 889 1444 ulei·

75 1465 167 1514 scendi
180 1470 259 1513 eausa
269 1466 382 1527 saevior,
403 1467 443 1514 ira
453 1468 556 1528 dieitur,
575 1481 628 1514 non
642 1467 817 1525 privationem
831 1478 889 1511 esse

74 1534 171 1581 utilem
181 1533 283 1580 censuit
284 1547 376 1592 ‚quam
387 1535 480 1582 Gsaeei
491 1535 609 1597 στέρησιν
619 1535 720 1581 dieunt:
730 1534 781 1582 sed
787 1533 889 1581 medio

76 1600 209 1663 critatem,
219 1614 295 1659 quam
303 1594 462 1666 μετριότητα
472 1602 515 1648 illi
525 1602 668 1661 appeilant.
722 1627 726 1633 ·

319 1801 637 1832 ··—----

148 1964 370 2034 LIBER
411 1963 812 2033 SECUNDUS„

363 2124 541 2172 CAPUT
575 2125 603 2170 1

104 2201 155 2269 Quo
170 2213 253 2257 gernere
266 2200 347 2247 solitus
360 2201 444 2270 sitphi
444 2203 552 2267 Iosephus
562 2198 670 2245 Socrates
684 2216 788 2247 exercere
793 2199 887 2259 patien-

133 2257 194 2302 tium
204 2258 320 2316 corporis.-
340 2263 408 2319 deque
418 2259 516 2303 eiusdem
526 2256 572 2302 vin
569 2257 707 2314 'patientia

75 2316 158 2400 Inter
170 2352 277 2401 labores
292 2353 457 2401 voluntarius
470 2354 499 2400 et
510 2350 641 2399 exercitia
654 2350 771 2410 eorporis
785 2350 818 2396 ad
832 2351 888 2396 tor·

74 2420 156 2468 tuitas
165 2420 312 2479 patientiae
321 2420 391 2468 vices
402 2421 527 2477 firmandi,
538 2419 565 2464 ii
574 2432 674 2476 quoque
685 2418 830 2477 accepimus
838 2418 888 2463 So

76 2490 174 2536 etatem
189 2489 297 2535 faeere
290 2490 445 2535 susuevisse.
477 2490 505 2534 2.
524 2488 600 2533 Stare
610 2487 704 2532 solitus
715 2486 837 2532 Socrates
848 2482 889 2528 oi·

76 2554 154 2615 uitur,
165 2555 296 2614 pertinaci
306 2558 385 2611 statu,
397 2554 503 2614 perdius
513 2557 590 2611 atque
600 2565 703 2612 pernox
713 2565 728 2598 a
738 2562 836 2597 summo
847 2548 890 2593 lo-

76 2621 112 2670 eis
123 2624 186 2669 ortu
196 2622 230 2669 ad
240 2623 323 2669 solem
332 2623 442 2669 alterum
452 2621 588 2676 orientem,
602 2618 783 2673 inconniveus,
798 2615 890 2659 immo-

14 2684 15 2689 ’
76 2688 153 2748 bilis,
168 2689 263 2737 iisdem
276 2690 304 2738 iu
317 2689 450 2751 vestigiis,
466 2695 492 2735 et
506 2700 552 2734 ore
562 2692 638 2743 atque
648 2684 733 2731 oeulis
743 2677 889 2728 eundemiu
