2067 3034
289 101 624 157 mariacum.
843 100 877 151 ss

62 220 120 268 dies
131 214 240 268 noctem
250 223 403 269 consecutus
414 221 462 267 est.
485 223 510 268 2.
522 222 558 267 M.
568 220 652 267 Varro
663 218 691 266 in
701 219 771 267 libro
781 220 877 277 Rerum

64 289 251 346 humanarum,
265 302 339 347 quern
348 288 387 333 De
402 287 492 334 diebus
502 287 621 346 scripsit:
638 288 769 347 Homines,
783 286 877 346 inquit,

61 357 108 416 qui
121 370 162 402 ex
175 357 262 401 media
275 361 352 401 nocte
367 356 563 413 adproximant
571 354 682 400 medians
691 359 789 401 noctem
799 357 825 400 in
834 353 878 417 Mi

62 423 136 469 daris
148 421 247 468 XXIV
255 426 391 477 natitant,
400 434 452 465 aaa
461 421 502 468 die
511 423 571 467 nats*
578 422 706 467 dicantar.
741 423 765 466 3.
777 419 878 474 Quibus

63 488 155 536 serbis
172 487 212 534 ita
227 488 331 535 ridetur
344 487 444 533 dierum
462 487 670 535 observationem
687 486 819 546 divisisse,
839 489 876 547 ut,

63 556 106 613 qui
121 558 187 613 post
202 555 285 602 solem
300 568 419 602 oceasum
431 556 491 600 ante
505 554 616 600 mediam
630 556 732 600 noctem
745 557 822 599 natus
833 547 877 617 sit,

63 623 86 669 is
100 622 129 668 ei
144 621 204 667 dies
219 622 314 667 natalis
326 623 372 678 sit,
392 634 407 666 a
421 634 470 678 quo
481 623 522 667 die
533 634 563 667 ea
572 634 628 668 nox
639 620 765 679 eoeperit:
785 624 877 681 eontra

64 703 144 748 sero,
166 688 212 745 qui
224 688 253 733 iu
263 702 312 735 sex
321 687 406 734 noctis
416 687 487 733 horis
498 687 686 746 posterioribus
696 690 876 744 nascatur‚ea

62 756 105 802 die
116 755 208 801 videri
219 758 315 813 iratum,
320 769 364 813 qur
374 757 432 813 post
442 767 497 801 eam
506 756 567 801 noct
569 769 609 800 em
618 754 754 800 diluxerit.
769 756 793 799 4
796 754 877 801 Athe

64 822 173 869 nieuses
185 826 273 868 autem
284 822 362 868 aliter
373 822 519 884 observare,
533 821 602 867 idem
611 821 713 867 Varro
706 836 733 866 rn
743 822 833 867 eodem
842 821 877 884 lig·

64 892 110 937 bro
126 888 251 947 scripsit,
267 903 363 947 eosque
377 902 392 933 a
406 889 461 934 sole
476 900 568 935 occaso
582 889 615 934 ad
628 888 709 943 solem
722 888 817 934 iterum
830 900 876 935 ue-

65 957 199 1004 eidentem
213 969 289 1020 omne
305 956 333 1001 id
346 955 458 1001 medium
474 959 574 1014 tempus
587 969 666 1000 uuum
680 953 747 1000 diem
761 969 817 1001 esse
835 955 876 1002 di·

65 1038 133 1072 cere.
172 1027 197 1069 5.
216 1023 377 1082 Babylonios
390 1035 469 1080 porro
485 1023 575 1079 aliter3
596 1022 681 1068 asole
697 1021 765 1068 enim
779 1026 874 1073 exorto

64 1092 96 1138 ad
107 1092 235 1139 exortum
245 1090 358 1137 eiusdem
368 1089 535 1149 incipientem
545 1091 628 1136 totum
641 1089 669 1134 id
678 1090 788 1147 spatium
796 1086 875 1136 uniui

65 1159 118 1206 diei
128 1157 237 1204 nomine
248 1158 393 1216 appellare:
428 1160 452 1201 6.
471 1157 567 1204 multos
578 1169 640 1202 vero
652 1155 681 1201 in
690 1159 761 1202 terra
770 1155 876 1218 Umbria

64 1228 145 1273 unsim
156 1227 184 1271 et
193 1225 304 1271 eundem
314 1224 381 1271 diem
388 1237 445 1270 esse
456 1223 543 1270 dicere
553 1238 569 1269 a
577 1222 685 1270 meridie
694 1225 727 1270 ad
738 1224 876 1288 insequen-

64 1296 115 1340 tem
123 1291 273 1339 meridiem.
292 1291 368 1348 Quod
375 1293 486 1352 quidem,
496 1290 664 1351 inquit,m'mis
674 1292 815 1338 absurdam
824 1296 875 1338 est.

64 1361 134 1408 Nam
149 1361 196 1420 qai
204 1360 332 1406 Kalendis
346 1359 416 1405 dora
429 1365 510 1405 stata
523 1366 602 1405 natas
615 1364 656 1404 est
668 1362 739 1417 apud
754 1359 873 1421 Umbros,-

66 1429 120 1475 ds'es
129 1429 189 1474 aias
199 1427 301 1473 natalis
311 1427 396 1472 videri
404 1427 506 1472 debebit
516 1433 542 1472 et
551 1425 738 1472 Kalendarum
751 1426 875 1483 distinata

65 1510 124 1543 ram
129 1526 141 1551 ,
159 1499 189 1542 et
196 1508 241 1554 pas
237 1495 359 1553 estpost
368 1493 507 1540 Kalendas
517 1494 573 1551 dees
583 1499 644 1539 ante
654 1492 748 1539 loram
760 1493 874 1540 eiusdem

65 1563 243 1610 dieiteatant
279 1563 303 1608 t.
321 1560 448 1618 Populum
458 1563 543 1606 autern
552 1560 692 1607 Romanum
703 1560 748 1618 sta
760 1558 798 1607 uti
807 1561 875 1606 Ver

64 1643 95 1677 ro
107 1628 194 1684 dixit,
208 1628 264 1674 dies
280 1627 398 1686 singulos
410 1628 578 1674 adnumerare
588 1641 603 1673 a
612 1628 696 1674 media
705 1631 782 1674 nocte
791 1638 874 1687 usque

67 1697 100 1744 ad
115 1696 231 1742 madiam
249 1695 407 1755 proximam,
429 1694 518 1740 multis
539 1695 697 1752 argumentis
716 1694 873 1740 ostenditur.

65 1769 90 1812 8.
110 1765 192 1810 Sacra
203 1765 264 1808 sunt
274 1763 387 1808 Romana
397 1761 490 1820 partim
499 1761 606 1817 diurna,
625 1762 719 1820 partim
731 1764 873 1808 nocturna:

67 1833 113 1878 sed
123 1844 169 1885 ea,
184 1844 250 1888 quae
260 1829 329 1875 inter
338 1831 439 1874 noctem
449 1829 525 1889 fiunt,
542 1828 631 1875 diebus
642 1829 806 1887 addicuntur,
820 1841 875 1874 non

68 1898 246 1955 noctibus39
250 1910 341 1953 .quae
354 1895 435 1954 igitur
450 1909 498 1943 sex
507 1896 695 1954 posterioribus
705 1894 873 1943 noetishoris

68 1968 139 2022 tunt,
149 1977 182 2010 eo
194 1963 236 2010 die
246 1964 302 2010 fieri
313 1963 445 2021 dicuutur,
461 1963 504 2021 qui
515 1962 650 2020 proximus
661 1977 715 2010 eam
728 1967 828 2009 noctem
839 1962 875 2006 il

68 2031 189 2080 lucescit.
223 2033 264 2077 1⁰.
283 2032 322 2077 Ad
335 2031 397 2086 hoo,
416 2030 483 2080 ritus
497 2044 597 2088 quoque
611 2033 638 2076 et
651 2043 707 2076 mos
722 2021 874 2088 auspicandi

69 2101 177 2148 eandem
195 2111 252 2145 esse
272 2097 476 2145 observationem
498 2098 589 2156 docet3
618 2111 678 2143 narn
699 2097 874 2155 magistratus,

69 2168 172 2226 quando
183 2179 235 2211 una
245 2164 319 2211 die'
297 2179 335 2211 ers
345 2163 527 2222 auspicandum
537 2168 585 2225 est,
597 2167 622 2211 et
632 2164 667 2219 id,
679 2178 756 2222 super
765 2177 815 2222 quo
826 2176 874 2210 aa·

71 2233 245 2293 spiraverunt,
255 2233 455 2291 agendum,post
464 2231 576 2278 mediam
585 2237 687 2278 noctem
697 2226 871 2291 auspicantur,

71 2306 95 2353 et
105 2302 166 2360 post
174 2298 308 2346 meridiem
318 2298 374 2344 sole
383 2311 489 2357 magno,
501 2299 678 2356 auspicatique
688 2312 745 2344 esse
756 2301 781 2344 et
787 2298 872 2356 egisse

71 2382 106 2417 ax
119 2368 210 2415 eodem
225 2365 268 2412 die
282 2366 410 2413 dicuntur.
453 2367 493 2411 ll.
511 2365 651 2412 Praeterea
665 2365 763 2413 tribuni
776 2364 873 2425 plebei,
946 2382 950 2389 ·

73 2434 252 2494 quosnullum
267 2432 334 2480 diem
348 2433 437 2478 abesse
451 2432 532 2486 Roma
541 2432 610 2489 lieet,
629 2446 685 2478 curn
695 2431 874 2490 postmediarn¹

72 2502 174 2550 noctem
186 2500 398 2559 proficiscuntur,
418 2501 444 2545 et
458 2501 516 2556 post
529 2500 638 2557 primam
649 2501 731 2545 facem
745 2501 804 2547 ante
817 2512 872 2549 mse

73 2569 139 2618 diam
160 2569 308 2625 sequentem
330 2569 512 2623 revertuntur,
538 2580 590 2613 non
615 2566 736 2613 dicuntur
757 2564 873 2627 abfuisse

72 2648 150 2684 ussum
162 2634 242 2696 diem,
261 2634 364 2694 quando
377 2637 437 2681 ante
450 2634 540 2681 horam
551 2634 637 2682 noetis
651 2637 751 2698 sextam
760 2628 873 2695 regressi
