2067 3034
160 167 212 219 424
378 164 520 212 nunt
555 163 718 210 GELLH

160 284 307 334 sestertius.
342 285 367 330 4.
384 283 441 328 Hoc
452 295 512 328 uere
524 281 645 341 collecto,
660 280 734 338 quasi
744 280 894 342 manuario,
913 293 974 328 eoe-

159 355 223 401 nula
233 353 369 400 curabatur
380 349 512 407 omnibus,
529 349 572 406 qui
584 362 641 394 eum
653 350 738 394 lasum
749 350 911 394 luseramus.
947 352 971 394 5.

159 421 243 469 Erant
256 422 340 466 autem
356 416 490 475 captiones
506 416 538 461 ad
553 414 603 461 hoe
613 416 668 461 fere
678 415 842 475 exemplum
862 415 971 461 tametsi

157 487 253 535 Latina
263 485 383 533 oratione
393 483 519 530 nonsatis
530 483 607 539 scite,
625 496 655 529 ae
664 496 746 541 paene
760 483 842 530 etiam
856 481 969 541 illepide

159 557 339 615 exponuntur:
359 551 546 610 Quadratum,
557 550 606 596 doe
614 551 717 611 grando
728 565 778 597 non
787 555 846 609 ειη
857 551 911 596 nix
922 563 970 596 aa·

159 627 209 670 um
219 622 284 669 aldo
299 625 355 678 ειη·
370 620 471 679 grando
485 620 568 677 igitur
583 619 648 665 olto
661 632 712 663 non
727 625 774 664 eat.
810 619 880 664 item
896 616 967 663 aliud

157 703 212 738 non
223 687 363 736 dissimile:
382 685 457 743 Quod
465 685 540 733 loono
551 691 599 745 est,
609 684 714 731 Ιιιοιιοιι
724 691 765 732 est
774 697 857 746 equus
863 703 878 743 ,-
891 684 967 730 homo

157 764 245 805 autem
255 753 360 802 animai
366 758 422 810 est‚·
441 766 521 816 equas
531 755 613 814 igsm
622 754 723 799 animal
730 767 782 800 non
791 759 841 799 est.
881 756 905 797 6.
920 751 968 798 oi·

158 838 217 871 cere
229 837 291 882 ergo
302 822 422 876 debebat,
442 821 487 880 qui
497 820 530 867 ad
539 818 672 879 sophisma
682 818 833 868 diluendum
842 833 876 867 au
885 817 968 867 retel-

156 892 262 939 leudum
276 890 331 939 ritu
345 891 474 939 aleatorio
485 892 593 938 vocatus
604 892 674 947 erat,
693 890 720 936 in
730 904 780 948 qua
791 892 880 948 parte,
904 903 968 947 quo·

157 959 245 1019 quein
263 961 342 1007 verbo
364 957 448 1017 captio
469 960 551 1016 foret3
574 958 635 1016 quid
657 958 712 1004 dari
733 956 895 1013 concedique
915 969 967 1003 nou

157 1029 303 1086 oporteret:
331 1024 382 1071 nisi
398 1025 515 1080 dixerat,
535 1039 638 1071 nummo
658 1024 762 1083 singulo
781 1023 966 1071 mulctabatur.

155 1094 197 1141 Ea
204 1096 302 1141 mulcta
312 1106 419 1138 coenam
429 1094 541 1139 iuvabat.
565 1094 589 1137 ἵ.
600 1092 769 1139 unctantem
780 1091 879 1151 dicere,
890 1104 966 1150 quam

54 1173 61 1179 ’
155 1162 240 1210 facete
250 1162 381 1218 Diogenes
397 1159 529 1218 sophisma
543 1159 569 1205 id
581 1172 677 1217 genus,
695 1160 763 1217 quod
772 1172 852 1217 supra
861 1158 933 1214 dixi,
950 1171 964 1204 s

156 1230 268 1286 quodam
282 1226 419 1274 dialectieo
435 1240 469 1273 ex
487 1226 607 1274 Platonis
625 1227 736 1273 diatriba
757 1238 805 1285 per
829 1228 964 1272 contume-

156 1296 218 1343 liam
229 1294 400 1355 propositum,
409 1295 588 1340 remuneratus
600 1294 642 1340 sit.
677 1297 701 1340 8.
720 1295 785 1339 Nam
802 1306 860 1339 cum
871 1292 912 1339 ita
920 1306 963 1338 ro·

156 1366 245 1423 gasset
254 1361 418 1408 dialecticus:
437 1361 512 1419 Quod
521 1376 565 1421 ego
578 1376 647 1421 sam,
664 1363 693 1408 ἑά
701 1368 730 1407 ιιι
739 1374 790 1405 non
800 1374 840 1418 es,
857 1364 886 1406 et
898 1360 963 1406 Dio-

155 1444 235 1489 genes
247 1428 390 1486 annuisset,
406 1430 480 1485 atque
490 1427 537 1474 ille
548 1428 708 1476 addidisset:
725 1429 807 1473 Homo
818 1433 909 1473 autem
918 1441 962 1486 ego

156 1510 228 1546 suns:
253 1512 310 1543 eum
321 1496 347 1541 id
358 1509 459 1553 quoque
469 1508 591 1541 assensus
604 1499 686 1550 esset,
705 1497 732 1542 et
742 1498 833 1541 eontra
843 1493 962 1541 dialecti-

158 1578 202 1611 cus
218 1564 255 1609 ita
270 1562 456 1609 conclusisset:
482 1563 567 1609 Homo
583 1564 706 1622 igiturne
719 1577 769 1608 non
784 1576 826 1608 es:
844 1561 896 1607 hoe
906 1561 962 1620 qui·

156 1630 222 1692 dem,
233 1631 316 1687 inquit
326 1628 465 1690 Diogenes,
476 1630 571 1676 falsum
581 1634 629 1688 est,
637 1632 671 1690 et,
678 1630 701 1675 si
712 1643 801 1676 verum
810 1629 838 1674 id
847 1628 906 1676 fieri
916 1628 961 1682 sis,

157 1710 221 1746 ame
232 1698 325 1758 incipe.

407 1780 428 1831 C
445 1780 468 1831 Α
484 1778 507 1830 Ρ
526 1781 550 1832 U
568 1780 595 1830 'l'
628 1778 713 1832 xlv.

186 1846 245 1899 outo
260 1847 292 1891 sit
307 1860 411 1890 numerus
429 1845 596 1897 hemiolios,
612 1848 667 1905 quid
682 1844 837 1902 epitritos.-
861 1851 886 1888 et
904 1845 963 1903 quod

210 1904 324 2004 zoegam
334 1904 379 1946 ista
388 1901 515 1959 nonfocsie
525 1903 603 1947 nostri
609 1903 660 1947 ausi
665 1909 719 1946 sunt
727 1908 813 1946 vertere
821 1901 848 1944 ιἰι
857 1903 962 1957 lingm

232 1976 247 2002 a
283 1974 328 2002 aln-

191 2039 214 2084 1.
233 2036 345 2094 Figurae
359 2036 484 2095 quaedam
499 2049 677 2094 numerorum,
697 2049 760 2093 quas
772 2033 865 2081 Graeci
880 2033 960 2081 certis

155 2103 303 2151 nominibus
314 2104 456 2161 appellant,
472 2104 599 2150 vocabula
609 2102 637 2148 in
647 2101 737 2161 lingua
746 2104 841 2149 Latina
850 2116 905 2148 non
914 2102 960 2147 ha-

154 2171 228 2230 bent3
256 2172 281 2215 2.
293 2171 338 2216 sed
350 2171 395 2228 qui
405 2172 436 2216 de
447 2170 561 2217 numeris
572 2170 663 2216 Latine
674 2171 844 2228 scripserunt,
861 2170 961 2215 Graeca

155 2238 213 2297 ipsa
223 2238 361 2283 dixerunt:
379 2239 474 2296 tingere
485 2240 571 2284 autem
580 2239 684 2296 nostra,
699 2238 820 2294 quoniam
830 2236 960 2293 insusur-

155 2306 187 2350 ἀι
198 2305 311 2349 futurum
321 2307 384 2364 erat,
397 2306 548 2352 noluerunt.
584 2307 608 2351 3.
623 2305 708 2357 Quale
718 2305 787 2351 enim
797 2303 853 2350 fieri
863 2316 959 2351 nomen
1017 2330 1018 2333 =

153 2373 244 2428 posset
254 2370 377 2417 hemiolio
388 2385 504 2430 numero,
518 2374 563 2418 sut
571 2371 693 2429 epitrito?
715 2376 742 2417 4.
756 2373 806 2418 Est
815 2374 901 2416 autem
911 2371 958 2416 he-

153 2435 274 2494 miolios,
290 2437 333 2492 qui
343 2451 475 2485 numerum
486 2439 601 2495 aliquem
610 2441 693 2485 totum
702 2439 731 2486 ia
741 2452 768 2485 se
778 2440 867 2496 hahet,
883 2436 959 2483 dimi·

154 2500 275 2557 diumque
284 2502 353 2548 eius:
373 2506 403 2549 ut
412 2507 470 2552 tres
478 2506 511 2551 sd
522 2506 584 2559 duo,
598 2506 744 2563 quindecim
756 2505 788 2551 ad
797 2503 894 2560 decem,
911 2505 959 2550 tri·

154 2566 227 2625 85¹¹st
241 2567 273 2611 ’ἃ
285 2568 385 2624 iiiSinti.
421 2575 444 2616 o.
463 2572 591 2630 Epitritos
603 2576 653 2630 est,
673 2574 717 2630 qui
726 2573 803 2618 habet
816 2574 897 2618 totum
909 2571 959 2617 ali·

153 2645 229 2689 quens
238 2644 384 2691 numerum,
399 2636 425 2680 et
434 2636 551 2683 eiusdem
563 2643 662 2697 partem
673 2640 788 2686 tertiam:
807 2641 836 2683 ut
846 2640 958 2695 quatuor

154 2697 186 2741 ad
201 2700 268 2758 tres,
288 2697 424 2747 duodecim
439 2703 595 2769 odaeum,
616 2706 785 2765 quadraginta
794 2706 828 2753 ad
836 2705 955 2765 triginta.
