2067 3034
355 154 428 203 LIB.
445 153 498 205 lx:
534 151 621 203 csl’:
632 160 657 205 6,
858 156 918 207 199,

109 287 234 323 summum
247 273 345 321 molum
360 273 441 320 (licit
463 274 529 320 Eius
543 273 845 331 namque-hoererbum
857 281 909 330 est:

107 341 217 404 μανείην
226 336 352 402 pullusc?
362 335 481 399 prosp.
496 347 520 386 4.
527 342 684 399 Speusippus
693 346 816 398 vetusque
825 343 908 391 omnis

106 409 248 455 Academia
260 409 420 465 voluptutem
434 412 460 453 ct
476 408 592 454 dolorem
607 408 657 453 duo
672 410 741 454 mala
754 422 810 454 esse
821 409 910 456 dicunt

108 476 230 535 opposita
239 475 309 521 iuter
318 488 391 533 sese·
410 477 506 521 bouum
515 478 599 520 eutem
611 488 682 531 esse,
696 476 763 532 quor
775 476 910 532 utriusque

107 543 222 589 medium
232 543 309 588 foret
345 545 369 587 5.
377 543 459 587 Zeno
472 542 583 598 censuit
590 542 749 599 voluptatem
761 556 818 588 esse
829 542 911 589 indif-

109 611 211 666 lereus,
230 609 256 655 iu
273 610 326 666 est,
344 611 477 665 neutrum,
496 622 579 665 neque
594 610 691 654 bonum
705 622 787 666 neque
800 610 910 668 malum3

107 676 195 734 quod
187 688 244 733 rpse
253 676 351 722 Grceco
362 674 488 721 vocabulo
500 666 643 737 αδιαφορον
652 674 803 734 appellavit
821 679 845 722 6.
854 676 912 722 Gri-
923 707 926 711 ·

109 744 198 790 tolsus
213 742 401 804 Peripateticus
417 743 444 787 et
457 741 550 790 malurn
568 755 624 787 esse
640 743 800 800 voluptutem
814 741 874 803 sit,
882 745 911 789 et

107 809 194 857 multa
204 808 257 854 ulio
265 809 334 854 mela
343 821 433 866 perere
444 822 478 854 ex
489 821 554 868 sese,
571 808 689 864 iniurias,
704 809 826 865 desidias,
840 809 910 857 obli-

107 875 213 933 viones,
225 875 360 933 ignavius:
387 877 411 920 ‘l.
429 876 503 920 Plato
520 878 578 921 onte
594 874 642 920 hos
655 889 744 921 omues
754 876 791 922 its
801 877 872 922 rarle
883 879 910 923 et

105 942 307 989 'multiformiter
327 942 357 987 tle
374 941 509 999 voluptate
525 941 660 1001 disseruit,
679 944 709 987 ut
724 943 830 989 eun'cts'e
843 942 910 990 istae

110 1009 270 1067 sententiae,
287 1021 349 1065 ques
363 1007 543 1067 supraposui,
563 1008 698 1053 rideantur
711 1022 746 1055 ex
764 1023 911 1056 sermonum

110 1076 298 1123 eius‘loutibus
313 1074 478 1133 profluxisse:
496 1088 555 1119 nom
568 1075 675 1133 perinde
688 1089 840 1132 unaqueque
854 1077 908 1121 uti-

109 1146 167 1200 tur,
184 1146 213 1188 ut
226 1145 252 1188 et
262 1140 497 1200 ipsiusvoluptatis
509 1144 600 1187 ustura
611 1144 674 1199 lert,
693 1155 758 1199 quae
769 1145 808 1188 est
819 1141 909 1188 multi-

110 1211 185 1270 plex,
195 1212 221 1256 et
230 1221 370 1267 causarum,
387 1221 450 1266 quas
461 1209 563 1259 tractat,
577 1222 718 1268 rerumque,
735 1222 797 1267 ques
809 1211 909 1256 elicere

109 1277 177 1333 ruit,
190 1276 258 1322 ratio
271 1275 407 1321 desiderat.
443 1276 467 1319 8.
485 1274 585 1319 Taurus
596 1280 793 1336 autemnostcr5
806 1276 909 1333 quoties

111 1345 181 1390 facts
190 1342 288 1388 mentio
299 1341 406 1400 Epicuri
417 1342 498 1399 esset,
516 1340 545 1386 iu
554 1354 599 1387 ore
610 1342 703 1400 atque
696 1356 722 1387 ur
732 1342 821 1400 lingua
831 1344 910 1388 hsbste

110 1410 154 1455 but
168 1412 246 1456 verbs
259 1410 322 1454 lmec
336 1408 465 1455 Hieroclis
481 1406 582 1465 Stoici,
601 1408 652 1453 riri
671 1409 753 1455 sancti
769 1414 795 1455 et
809 1410 909 1468 gravis:

106 1470 204 1535 Ἡδονὴ
218 1474 303 1533 τέλος,
322 1468 419 1540 πόρνης
433 1468 492 1536 δόῃ
494 1486 535 1519 ιιι·
561 1467 609 1519 οὔκ
627 1473 681 1521 ἔστι
698 1475 808 1539 προνοίᾳ
826 1469 909 1532 orioro

109 1555 208 1607 ereptor
218 1535 277 1605 toy
278 1557 314 1586 ια

371 1617 392 1668 C
408 1616 431 1666 A
447 1614 470 1666 P
488 1616 512 1667 U
532 1616 558 1666 Τ
592 1615 644 1668 vl.

142 1682 251 1733 Verbum
265 1685 327 1749 pseud
334 1688 368 1725 est
376 1683 405 1725 ob
416 1695 470 1737 ago
474 1681 709 1748 frequentotwum
697 1696 722 1726 so
728 1696 810 1741 prsma
817 1682 911 1740 syllabis

165 1753 264 1797 quonum
272 1738 304 1782 sit
314 1742 381 1781 morto
389 1738 592 1796 prommtiondnm.

143 1816 168 1862 l.
185 1816 275 1873 Abeo,
291 1816 561 1876 quodestagoetegc',
576 1815 733 1869 verterunt,
746 1815 909 1873 quseeppel-

107 1884 167 1931 lsut
176 1881 334 1940 grammatici
346 1882 630 1941 frequentativa,actaeto
638 1884 789 1928 ctcctc‘tovt.
806 1880 910 1927 susce

108 1948 233 2009 quosdam
242 1962 296 1995 nun
305 1961 367 1994 seue
381 1948 499 1995 indoctos
513 1949 585 1995 viros
595 1948 672 1994 sudio
683 1950 720 1994 ito
729 1947 909 2007 pronuntiare,

107 2020 138 2064 ut
151 2015 258 2075 primam
279 2015 306 2061 in
323 2014 363 2060 his
381 2015 483 2061 literam
499 2015 653 2073 corripient:
678 2012 909 2072 rationemquedi-

108 2086 179 2140 cunt,
194 2082 315 2139 quonism
326 2081 354 2127 io
363 2085 442 2129 verbo
452 2081 606 2140 principali,
622 2082 689 2138 quod
700 2087 814 2141 selago,
826 2079 910 2138 prims

107 2150 187 2197 litero
196 2148 310 2195 breviter
319 2149 509 2206 pronuntietur.
546 2151 568 2194 3.
587 2150 637 2194 cur
648 2145 727 2207 igitur
737 2149 768 2193 ub
778 2161 824 2205 eo,
840 2147 908 2204 quod

108 2220 149 2263 est
162 2216 218 2276 edu,
238 2217 264 2261 et
278 2213 353 2276 ungo,
373 2214 401 2261 in
417 2216 507 2274 quibus
522 2214 606 2261 verbis
617 2218 699 2273 primu
709 2214 786 2261 litere
795 2214 909 2261 breviter

109 2283 213 2333 «licitur.
224 2286 299 2338 erite,
311 2285 337 2328 et
346 2285 449 2343 noctise,
464 2295 529 2339 quoe
540 2286 601 2328 sunt
610 2295 699 2327 eorum
710 2280 907 2339 frequentative,

107 2351 191 2411 prims
201 2349 279 2395 litero
288 2350 369 2408 louge
379 2349 537 2407 promimust
564 2349 597 2393 Et
608 2351 706 2408 contra,
721 2348 821 2407 dictito,
833 2350 864 2394 sb
875 2359 907 2392 ec

106 2419 196 2475 verbo,
204 2417 278 2474 ‘quod
288 2419 327 2462 est
336 2419 404 2473 «licor
417 2418 535 2473 correpte
545 2415 667 2462 dicimus?
702 2416 769 2461 Num
783 2427 844 2472 ergo
852 2426 908 2472 vpo·

107 2484 160 2530 tius
175 2485 258 2530 actito
274 2485 299 2529 el
315 2485 426 2530 account
438 2480 602 2540 producentis
615 2483 690 2528 suutt
720 2482 841 2539 quoniam
855 2481 909 2525 ire-

108 2551 258 2610 quentstirs
272 2551 352 2596 lerme
368 2549 454 2595 omnis
469 2549 559 2595 eodem
571 2550 648 2595 morlo
663 2549 690 2593 ἰιι
708 2548 791 2607 prims
808 2547 910 2605 syllaba

108 2618 241 2676 «licuntur,
261 2630 311 2675 quo
326 2616 464 2675 participis
479 2616 614 2674 praeteriti
629 2615 752 2675 temporis
763 2612 840 2660 exiis
850 2625 910 2656 rer·

107 2685 156 2744 icis,
166 2684 234 2731 uode
245 2698 275 2731 es
284 2685 403 2743 prefects
411 2685 482 2741 suut,
491 2683 519 2730 iu
529 2683 618 2730 eedem
628 2682 728 2742 syllebs
736 2678 909 2741 pronuntien-
