2067 3034
155 166 206 219 156
404 170 515 219 AULI
549 168 711 217 GELLll

155 290 202 338 snb
213 287 294 336 lucem
308 289 395 339 miliia
401 300 527 348 pascuum
532 287 616 349 poulo
627 286 739 346 amplias
747 286 855 348 uiginti,
869 285 958 333 eadem
1025 339 1026 354 ,

155 366 225 403 ueste
236 359 285 403 uta
297 363 379 406 tectae
389 357 501 403 redibat.
537 360 561 402 e.
579 353 614 400 At
623 369 699 409 nono,
709 354 802 409 innuit,
813 356 901 400 videre
910 360 959 408 eet,
1024 363 1028 384 ²

152 424 323 484 philosophos
335 426 405 472 nitro
416 437 533 485 currere,
543 429 572 469 ut
581 423 699 482 doceant,
710 421 831 482 adfores
841 421 961 466 iaoennns
1026 417 1027 422 ’

156 490 261 538 siiottmu
266 504 278 550 ,·
296 504 389 550 eosque
404 491 441 537 ibi
449 490 540 537 sedere
554 495 634 551 utque
643 489 763 548 opperiri
767 500 852 548 prope
861 487 898 533 nd
907 502 960 533 me·

156 559 261 618 ridiene,
281 558 360 604 donee
377 557 503 617 discipali
518 562 673 603 nocturnam
687 568 764 602 ,omne
780 556 866 603 vinnm
885 555 962 602 edos·-

156 628 247 672 uu‘ont.

423 688 444 738 C
460 688 484 738 A
500 686 523 738 P
542 688 565 738 U
584 687 609 738 T
644 685 698 738 XI.

188 760 262 818 Venia
272 776 300 806 en
309 761 417 806 oratione
427 763 452 811 ii.
457 762 550 806 Metelli
556 762 680 814 Numidici,
690 760 821 829 quaeis'lmit
828 761 961 812 meminisse.

133 823 137 830 '
214 822 247 862 ad
256 817 356 874 officim
365 818 493 874 gravitatis
503 818 668 877 dignitatisque
677 825 741 862 oetas
750 817 863 863 nocentia.
952 843 954 846 -

193 897 217 942 1.
237 896 299 941 Cum
314 894 531 952 inquinatissimis
546 894 692 941 homiuibus
707 908 760 941 non
773 909 831 942 osse
842 892 962 941 convicio

158 962 353 1021 decertandum,
369 976 454 1019 nequo
471 962 498 1007 in
508 962 653 1009 maledictis
665 962 788 1008 advorsus
799 961 962 1020 impudentes

158 1032 185 1076 ot
199 1030 330 1089 improbos
346 1029 505 1075 volitantium
511 1060 520 1084 ,
540 1029 601 1085 quio
612 1029 739 1087 tantisper
748 1028 843 1075 similis
854 1032 879 1074 et
891 1039 963 1074 cum·¹

158 1109 205 1155 par
215 1110 304 1142 corum
315 1096 374 1154 flos,
394 1095 453 1142 dum
468 1097 542 1154 paria
552 1099 580 1142 ct
588 1094 738 1143 consimilia
748 1096 819 1141 dicas
829 1098 905 1153 atque
914 1108 963 1141 ou·

159 1163 230 1222 dios,
249 1176 302 1208 nou
316 1162 401 1208 minus
415 1175 449 1208 ex
463 1162 583 1209 oratione
599 1162 742 1216 Quietem
759 1161 901 1221 Numidici,
921 1174 964 1206 sss.

157 1229 255 1289 pientio
266 1228 326 1287 viri,
341 1228 465 1287 cognosci
474 1232 574 1289 potest,
589 1244 664 1287 quom
674 1242 707 1276 ex
721 1229 796 1276 libris
808 1233 834 1274 ot
844 1228 963 1285 discipli·

157 1296 198 1341 uis
214 1294 438 1353 philnnophorum.
474 1301 497 1341 2.
517 1297 540 1340 V
542 1297 603 1343 erbo
616 1297 680 1343 haec
689 1298 749 1342 sunt
757 1295 859 1342 Metelli
870 1295 964 1341 adver·

158 1375 201 1409 sus
213 1363 257 1406 Cn.
268 1361 405 1419 Manlium,
421 1361 552 1409 tribunum
562 1364 661 1423 plebei,
676 1376 751 1421 aquo
761 1364 828 1422 opud
838 1362 964 1421 populum

159 1429 188 1474 in
198 1428 323 1474 concione
334 1429 470 1477 lacessitus
485 1430 647 1488 iactatusque
659 1433 744 1477 inerat
756 1430 831 1477 dictis
841 1429 965 1488 petulan-

159 1494 240 1542 tibus:
259 1495 332 1543 Nunc
347 1498 417 1557 quod
424 1496 462 1542 ad
468 1498 541 1543 illurn
552 1500 656 1557 attinet,
673 1498 797 1557 (lecimus,
814 1499 895 1557 quise
905 1511 963 1541 orn·

156 1562 269 1623 pliorem
276 1570 358 1622 putat
368 1577 433 1619 esse,
448 1566 473 1609 ci
481 1577 507 1610 se
516 1565 581 1611 milet
589 1566 718 1610 iniou'cunt
729 1565 876 1620 dictaverit,
888 1577 963 1624 quem

158 1644 205 1689 ego
215 1630 279 1675 miti
288 1645 368 1690 neque
379 1632 488 1677 anteon
498 1634 691 1692 recipiamque
700 1634 828 1678 inimicum
837 1633 963 1688 respicio,

157 1699 185 1742 in
195 1711 250 1743 enns
264 1712 309 1758 ego
318 1712 368 1744 non
378 1698 522 1757 surreptura
533 1698 658 1745 dictnrsse.
693 1699 762 1745 Nasn
771 1712 828 1745 earn
836 1697 965 1758 indignis-

157 1767 247 1811 sionem
261 1765 392 1823 arbitror,
411 1766 456 1811 oni
470 1780 488 1811 a
502 1768 566 1812 ciris
582 1766 654 1813 tonis
666 1766 833 1813 benedicatur
838 1778 851 1825 ;
869 1771 920 1810 torn
931 1778 964 1811 ne

156 1832 273 1893 idoneum
282 1833 391 1892 quidem,
401 1833 444 1877 cni
452 1848 470 1878 a
477 1834 570 1890 proiit
580 1834 761 1880 rnealedicotar.
786 1833 855 1880 Nam
864 1835 922 1879 siin
932 1846 963 1877 eo

156 1905 273 1959 ternpore
286 1898 464 1946 huiuscemodi
476 1898 657 1946 homunculum
670 1902 797 1959 nomines,
816 1902 842 1945 in
853 1914 901 1959 quo
911 1914 963 1958 pn-

156 1967 215 2012 sn‘re
224 1981 274 2015 non
281 1969 483 2029 posue,nas·ore
491 1966 589 2013 honore
599 1968 839 2028 quamcontumelia
845 1966 964 2026 officios-

410 2064 597 2117 CAPUT
632 2065 704 2117 xli.

186 2130 251 2180 Quod
257 2144 327 2189 neque
337 2136 501 2181 testamento»,
512 2132 582 2175 sinoti
590 2130 680 2176 Seruius
686 2130 801 2188 Sulpicius
809 2129 961 2181 enistisunoit.

211 2189 402 2243 nequamneuam,
411 2188 480 2230 sicuti
490 2186 512 2228 C.
526 2188 652 2238 Trebatius.
665 2189 766 2246 dupiicia
774 2190 844 2232 uerba
852 2193 911 2236 srmt.
922 2190 966 2230 sesi

211 2242 962 2299 otatotiooepronoetumaltemmatterumasaerouemimaom.

191 2319 215 2364 1.
234 2318 340 2364 Servius
356 2318 487 2377 Sulpicius
502 2318 713 2383 iureconsultus,
732 2320 774 2368 vir
789 2320 882 2366 aetatis
897 2332 962 2365 sune

156 2382 332 2443 doctissimus,
342 2384 369 2431 in
380 2386 448 2432 libro
459 2387 498 2432 De
506 2387 766 2436 SacrisDetestunslis
776 2386 898 2442 secundo,
911 2399 963 2444 qun

155 2450 258 2496 ratione
271 2449 395 2498 adductus
409 2455 590 2500 testamentum
600 2459 706 2503 verbum
718 2469 775 2501 esse
786 2453 884 2511 duplex
896 2452 962 2499 scri-

155 2518 249 2576 pserit,
269 2528 322 2561 non
335 2518 446 2574 reperio.
479 2522 505 2566 2.
524 2522 591 2568 Num
605 2523 775 2582 compositum
789 2533 846 2567 esso
862 2519 932 2566 dixit
947 2533 964 2567 n

155 2582 250 2629 mentis
273 2584 472 2631 contestatione.
513 2590 537 2633 3.
563 2589 633 2644 Quid
650 2589 731 2648 igitur
750 2588 962 2648 calceamentum,

154 2648 450 2708 (luidpalm’t‘nitm,
471 2650 532 2709 quid
539 2658 729 2715 pavimentum,
750 2653 811 2713 quid
824 2656 962 2700 vestimen-

156 2723 221 2774 tum,
235 2713 297 2774 quid
306 2715 360 2762 ulia
368 2714 441 2763 mille
451 2729 498 2776 per
507 2718 687 2772 huiuscemodi
697 2726 806 2773 sormam
818 2721 961 2781 productnl
