2067 3034
310 116 392 164 LIB.
409 117 479 165 111.
514 120 604 166 GAP.
621 123 647 166 5.
831 118 883 173 261

79 235 274 295 perpetiebatur
288 236 315 281 et
328 234 464 282 cohibebat
474 237 660 294 coercebatque
674 236 742 285 intra
752 253 809 286 sese
823 239 881 288 vio·

77 302 176 349 lentius
186 300 306 348 effrenati
317 301 426 348 doloris.
460 303 555 350 Nullos
569 304 696 365 eiulatus,
711 306 798 352 nullas
812 321 882 354 com·

78 369 249 429 plorationes,
259 383 292 416 nc
301 370 370 415 ullas
381 370 483 427 quidem
492 384 570 417 voces
581 371 716 418 indecoras
727 373 831 420 edebat:
847 375 883 420 si-

78 439 226 497 gnatamen
236 437 372 496 quaedam,
391 436 458 482 sicut
473 437 588 496 vidistis,
610 440 771 486 exsistebant
780 440 884 489 virtutis

79 506 107 552 et
116 503 243 562 eorporis,
254 505 285 551 de
295 504 459 563 possessione
465 504 582 552 'hominis
592 507 770 566 pugnantium
787 511 811 553 4.
819 509 884 555 Tum

80 585 94 618 e
104 572 275 617 sectatoribus
285 572 363 619 Tauri
373 570 489 629 iuvenis,
506 572 534 618 in
544 574 690 633 disciplinis
702 573 884 633 philosophiae

78 651 133 684 uon
143 638 263 697 ignarusz
284 638 313 684 Si
323 640 409 700 tanta,
425 640 523 701 inquit,
539 640 638 688 doloris
650 642 776 688 acerbitas
787 644 838 704 est,
855 645 885 688 ut

79 706 171 752 contra
180 706 341 751 voluntatem
351 709 491 764 contraque
502 707 624 755 iudicium
636 709 716 756 animi
726 709 833 765 nitatur,
844 709 885 755 in·

78 771 212 831 situmque
226 772 355 819 hominem
370 776 446 832 cogat
460 775 492 820 ad
505 775 656 833 gemendum
673 777 704 822 de
717 776 786 822 nralo
800 777 884 823 morbi

79 839 237 898 saevientis,
254 854 299 886 cur
309 840 387 900 dqlor
396 841 464 899 apud
475 842 578 889 Stoicos
590 841 741 889 indifferens
751 856 807 891 esse
818 844 884 890 dici·

78 909 132 965 tur,
142 920 195 953 non
205 907 319 954 malumi
343 909 393 955 Cur
404 907 497 955 deiude
512 911 556 956 aut
566 910 669 956 Stoicus
675 911 755 956 'homo
767 912 825 969 cogi
835 911 884 958 ali·

79 974 141 1032 quid
150 976 247 1033 potest,
258 978 301 1021 aut
311 975 386 1022 dolor
399 989 502 1034 cogere,
519 991 576 1022 cum
586 979 612 1023 et
622 979 739 1024 dolorem
751 979 833 1024 Stoici
843 978 884 1024 ni-

77 1041 118 1089 hil
129 1055 232 1103 cogere,
244 1045 270 1088 et
280 1042 423 1101 sapientem
431 1043 498 1088 nihil
508 1044 567 1102 cogi
577 1058 653 1102 posse
664 1045 767 1091 dicanti
803 1051 826 1092 5.
844 1046 884 1092 Ad

78 1121 111 1158 ea
125 1110 226 1156 Taurus
241 1109 315 1155 vultu
329 1109 380 1156 iam
394 1112 581 1169 propemodum
599 1112 710 1159 laetiore
725 1113 884 1170 (delectatus

78 1176 150 1224 enim
160 1177 211 1223 iam
221 1176 356 1223 videbatur
366 1176 490 1224 illecebra
500 1177 699 1238 quaestionis;):
718 1179 747 1226 Si
758 1180 809 1226 iam
820 1179 885 1226 ami-

37 1253 40 1256 '
78 1258 133 1305 cus,
144 1243 237 1305 inquit,
245 1243 292 1289 'hic
302 1246 393 1290 noster
402 1245 497 1291 melius
507 1247 617 1306 valeret,
633 1247 744 1305 gemitus
755 1246 884 1293 eiusmodi

76 1310 242 1359 necessarios
253 1324 268 1357 a
278 1311 406 1357 calumnia
416 1313 583 1369 defendisset,
595 1317 621 1359 et
631 1315 705 1374 hanc,
723 1314 825 1373 opinor,
836 1314 884 1361 tibi

77 1377 256 1438 quaestionem
268 1378 441 1426 dissolvisset:
451 1394 492 1425 me
502 1383 588 1426 autem
598 1382 648 1426 scis
659 1395 715 1427 cum
725 1381 820 1427 Stoicis
830 1395 884 1428 uon

77 1447 144 1493 bene
160 1446 314 1505 convenire,
333 1447 377 1492 vel
392 1461 449 1493 cum
458 1447 548 1494 Stoica
557 1448 643 1506 potius
654 1448 801 1506 disciplina.
835 1448 884 1495 list

77 1513 148 1561 enim
157 1514 281 1573 pleraque
293 1512 379 1560 etsibi
389 1518 415 1559 et
426 1514 501 1560 uobis
515 1514 704 1574 incongruens:
724 1516 791 1561 sicut
803 1516 882 1576 libro,

77 1596 153 1640 quem
162 1594 240 1640 super
251 1592 281 1626 ea
291 1595 319 1627 re
330 1582 529 1640 composuimus,
541 1583 695 1629 declaratur.
731 1584 754 1627 6.
773 1583 838 1636 Sed,
853 1585 883 1628 ut

46 1677 49 1683 ·
76 1649 126 1696 tibi
137 1661 152 1694 a
162 1661 202 1694 me
211 1661 267 1694 mos
278 1650 397 1708 geratur,
418 1649 500 1694 dicam
511 1664 560 1708 ego
577 1651 715 1710 indoctius,
735 1651 775 1709 (ut
786 1649 882 1709 aiunt)

78 1718 105 1764 et
114 1714 242 1775 apertios3
262 1728 327 1773 quae
342 1715 423 1761 fuisse
439 1715 568 1763 dicturum
581 1720 643 1775 puto
659 1717 791 1763 sinuosius
806 1720 882 1773 atque

76 1782 226 1840 sollertius,
246 1782 268 1827 si
278 1782 334 1839 quis
349 1796 416 1829 nunc
430 1782 531 1830 adesset
541 1786 702 1844 Stoicorum3
722 1784 791 1831 nosti
805 1784 871 1830 enim

76 1850 164 1907 credo,
175 1852 281 1897 verbum
291 1849 358 1895 illud
369 1853 440 1896 vetus
451 1854 477 1896 et
487 1853 681 1910 pervulgatum:

105 1912 171 1980 Ἅμα
176 1910 301 1979 θίστερόν
311 1930 365 1968 πως
375 1914 435 1973 εἰπὲ,
447 1915 489 1961 καὶ
500 1918 655 1982 σαφέστερον
666 1915 757 1981 [λίγε].

76 1987 160 2042 Atque
171 1984 231 2031 hinc
242 1997 353 2030 exorsus
366 1984 397 2029 de
407 1985 499 2029 dolore
510 1988 585 2042 atque
596 1987 627 2032 de
638 1986 733 2045 gemitu
743 1983 826 2031 Stoici
837 1996 881 2030 ae-

75 2051 206 2112 grotantis
217 2051 253 2097 ita
265 2050 401 2098 disseruit:
427 2053 451 2096 i.
471 2052 579 2110 Natura,
598 2054 696 2111 iuquit,
716 2052 830 2098 omnium
838 2065 882 2096 re.

75 2134 147 2174 rum,
167 2132 232 2176 quae
246 2132 294 2164 nos
304 2117 408 2177 genuit,
427 2116 514 2164 induit
523 2120 597 2165 nobis
608 2120 769 2176 inolevitque
779 2119 806 2164 in
816 2117 881 2176 ipsis

76 2186 165 2232 statim
175 2185 328 2245 principiis,
348 2185 440 2243 quibus
450 2186 506 2231 nati
517 2200 604 2233 somus
610 2219 619 2242 ,
639 2200 751 2233 amorem
761 2185 844 2232 nostri
854 2187 881 2232 et

76 2253 224 2312 caritatem,
245 2252 282 2298 ita
296 2266 413 2312 prorsus,
432 2254 462 2297 ut
476 2253 544 2299 nihil
558 2255 696 2312 quidquam
712 2255 781 2299 esset
795 2252 881 2300 carius

75 2320 233 2381 pensiusque
244 2320 407 2378 nobis,quam
419 2321 580 2378 nosmetipsi.
598 2323 682 2379 Atque
691 2322 742 2367 hoc
753 2334 810 2367 esse
821 2321 881 2366 iun-

76 2388 223 2434 damentum
233 2391 290 2433 rata
300 2389 340 2434 est
349 2388 543 2433 conservandae
553 2387 881 2447 homiuumperpetuitatis‚

76 2454 100 2504 si
109 2453 285 2513 unusquisque
296 2459 421 2512 nostrum,
441 2454 518 2501 simul
530 2457 604 2513 atque
613 2455 697 2502 editus
707 2455 735 2501 in
745 2456 828 2501 locem
838 2455 880 2499 fo·

76 2524 131 2577 ret,
145 2521 235 2568 harum
249 2521 321 2581 prius
330 2536 417 2569 rerum
427 2536 532 2570 sensum
541 2522 757 2581 affectionemque
769 2521 880 2580 caperet,

77 2603 144 2648 quae
154 2603 169 2636 a
182 2589 314 2637 veteribus
323 2589 486 2650 philosophis
495 2581 529 2635 τὰ
538 2590 628 2654 πρῶτα
638 2583 703 2636 κατὰ
711 2583 785 2651 φύσιν
792 2587 881 2645 appel-

76 2656 134 2705 lata
152 2667 224 2719 sunt,
244 2661 273 2704 ut
286 2658 403 2706 omuibus
422 2656 524 2708 scilicet
542 2658 658 2720 corporis
679 2657 721 2707 sui
740 2653 881 2703 commodis
