2067 3034
192 175 245 226 412
412 173 552 221 ·AUL1
587 169 745 217 GELLll

193 294 281 343 blicae
290 293 459 348 verebantur,
476 290 604 336 commoto
615 288 735 345 iratoque
746 284 835 332 animo
846 287 960 346 exsilit,
976 295 998 337 et

180 379 182 384 ·
194 362 335 419 Quaenam,
346 360 437 417 inquit,
448 355 655 412 Lacedaemonii,
670 354 748 412 ratio,
765 355 810 398 aut
822 368 895 410 quae
907 357 1002 404 tanden

194 442 253 487 spes
265 428 323 485 erit,
338 429 425 472 urbem
435 426 499 471 hanc
508 426 534 469 et
544 424 609 468 hane
618 420 804 479 rempublicam
814 421 926 468 salvam
935 424 1002 472 inex·

194 495 410 556 pugnabilemque
421 506 478 538 ease
490 489 589 536 diutius
599 501 685 547 posse,
702 488 725 535 si
734 488 931 535 huiuscemodi
942 497 1002 537 ante·

195 565 269 610 actae
288 561 358 606 vitae
376 559 523 604 hominibus
543 555 704 603 consiliariis
725 556 851 601 utemurt
891 556 1001 609 Quodsi

196 630 278 688 proba
288 626 384 673 isthaec
394 629 421 671 et
429 626 539 672 honesta
549 623 679 668 sententia
689 625 737 681 est,
758 635 859 679 quaeso
870 635 942 682 vos,
961 639 1000 671 nos

198 696 310 743 sinamus
327 692 433 739 candem
447 690 613 738 dehonestari
626 689 769 749 turpissimi
783 690 913 736 auctoris
924 695 1000 738 cona·

198 762 252 822 gio.
288 763 312 806 6.
330 761 414 817 Atque
430 759 473 805 ubl
486 759 535 804 hoe
551 757 633 814 dixit,
654 758 736 816 elegit
750 757 838 802 virum
849 759 1000 805 tortitudue

199 831 277 887 atque
291 827 396 874 institia
411 829 514 884 praeter
525 825 592 870 alios
602 826 790 882 praestantem,
809 824 859 869 sed
869 825 953 884 inopi
963 827 1000 872 lia

199 908 250 956 gua
266 896 292 940 et
304 892 482 950 infacundum3
503 891 629 948 iussitque
640 905 710 953 eum,
731 904 862 936 consensu
873 894 1000 951 petituque

200 962 327 1019 omnium,
347 961 453 1007 eandem
468 960 541 1004 illam
557 959 710 1004 sententiam
723 955 816 1003 diserti
834 958 892 1004 viri
913 959 1000 1007 cnieni·

199 1029 270 1076 modi
286 1030 375 1087 posset
389 1026 474 1073 verbis
487 1025 586 1071 dicere:
605 1026 647 1085 nt,
668 1025 741 1070 nulla
753 1024 856 1082 peioris
871 1027 1000 1073 mentione

199 1095 310 1160 habite,
320 1094 411 1140 scitum
422 1096 498 1151 atque
510 1093 641 1139 decretum
652 1091 740 1150 populi
751 1104 786 1138 ex
796 1091 855 1137 eius
866 1093 952 1141 unius
965 1108 1000 1140 no

200 1162 269 1210 inine
284 1162 367 1220 fieret,
387 1160 457 1217 qnod
470 1160 554 1217 ipsum
568 1160 651 1204 denno
665 1159 777 1204 dixerat.
813 1159 840 1202 7.
862 1161 955 1217 Atque
966 1162 1000 1216 its,

200 1233 231 1274 ut
240 1229 356 1274 suaserat
365 1226 579 1285 prudentissimus
590 1239 679 1281 senex,
690 1226 843 1271 factumest.
866 1230 897 1274 8.
914 1229 959 1275 Sic
968 1231 1000 1275 tvo·

200 1293 373 1342 naseutentia
381 1294 477 1341 mansit
482 1310 489 1356 3
509 1293 593 1352 turpis
603 1293 817 1340 atrctormntatns
829 1295 882 1340 est.

461 1417 738 1489 cnrurrn

231 1521 296 1570 Qreoel
307 1518 424 1576 Sulpicius
437 1520 581 1575 Apollinaris
598 1520 773 1575 praedicantem
787 1523 918 1577 quendum,
939 1537 954 1565 o
965 1533 1000 1564 sue

256 1589 300 1618 uno
312 1575 419 1620 Sallustii
428 1577 537 1619 lusorias
546 1576 658 1649 intelliffs',
672 1576 755 1626 illusit,
775 1577 915 1631 quaestione
922 1590 999 1633 propo·

256 1632 313 1680 sita.
332 1633 388 1689 quid
398 1633 466 1674 ceron
481 1632 528 1674 istu
543 1635 606 1688 uprrd
618 1632 753 1675 sullanum
765 1631 948 1686 significarents
964 1634 999 1676 is·

220 1691 223 1694 ’
258 1695 376 1739 certum,
396 1688 549 1739 stolidior,
566 1702 602 1729 aa
615 1688 727 1731 vanior.

237 1765 259 1810 l.
279 1765 342 1809 Cum
355 1763 407 1810 iam
422 1764 614 1810 adolescentuli
624 1765 720 1810 llornae
731 1766 899 1822 praetextam
911 1768 939 1811 et
947 1778 998 1824 pne·

200 1832 278 1879 rilem
300 1831 391 1890 togam'
409 1835 592 1888 mutassemus,
615 1831 803 1889 magistrosque
827 1834 896 1878 tnnc
921 1832 999 1878 nohis·

201 1897 304 1957 metipsi
315 1899 509 1956 exploratiores
521 1911 713 1956 quaereremus:
734 1898 761 1943 in
772 1898 946 1945 Sandaliario
956 1902 999 1944 ior·

200 1969 227 2013 te
238 1965 304 2023 apud
315 1965 435 2011 librarios
446 1966 555 2023 tulmus;
573 1979 630 2011 cum
639 1965 673 2010 ibi
684 1965 711 2009 in
720 1966 862 2010 multorum
874 1965 999 2012 hominnm

202 2036 279 2080 coetu
289 2031 449 2090 Apollinaris
462 2031 602 2088 Sulpicius,
609 2031 649 2077 rir
659 2032 686 2076 in
695 2033 819 2077 memoria
830 2035 927 2078 nostra
937 2045 999 2092 prae·

202 2102 243 2146 ter
253 2099 320 2145 alios
332 2100 434 2158 doctus,
454 2098 607 2144 iactatorem
623 2098 766 2156 quempiam
777 2102 803 2144 et
812 2098 998 2146 venditatorem

204 2167 380 2213 Sallustianae
395 2165 517 2211 lectionis
532 2165 627 2222 irrisit,
647 2163 781 2222 illusitque
796 2180 896 2223 genere
907 2167 959 2213 illo
969 2168 998 2212 n-

202 2233 348 2280 oetissimae
361 2232 593 2290 dissimulationis,
616 2244 666 2287 qua
681 2233 803 2278 Socrates
818 2234 852 2278 ad
875 2234 998 2292 sophistas

201 2303 331 2346 utebatur.
366 2300 390 2342 2.
405 2301 469 2345 Nam
481 2309 537 2344 eum
547 2297 593 2343 illc
604 2310 630 2344 ae
642 2312 720 2344 unum
730 2304 756 2344 et
766 2300 871 2345 unicum
881 2301 996 2347 lectoren

202 2369 501 2422 esse·enarratoremque
523 2365 641 2411 Sallustii
659 2365 768 2423 diceret;
793 2379 880 2423 neque
900 2368 997 2424 primun

201 2434 301 2477 tuntum
313 2437 408 2491 entem,
424 2444 453 2477 ac
463 2431 650 2477 sententiarum
660 2433 780 2490 speciem,
795 2431 842 2477 sed
853 2433 997 2491 sanguinea

201 2509 304 2554 quoquc
314 2499 407 2555 ipsum,
422 2511 452 2544 ae
461 2498 602 2543 medullam
612 2501 747 2544 verborum
758 2499 815 2544 eins
826 2512 921 2544 eruere
932 2503 998 2555 atquc

116 2616 118 2620 ι
201 2563 372 2621 introspicere
385 2564 489 2619 penitus
503 2563 680 2622 praedicaret:
701 2568 755 2610 tum
769 2565 937 2622 Apollinaris
954 2578 999 2610 am·

200 2627 281 2685 plecti
294 2629 464 2685 venerarique
478 2643 506 2675 ae
523 2630 654 2675 doctrinas
671 2630 745 2676 illius
757 2631 859 2676 dicens:
879 2631 946 2689 Per,
964 2630 999 2675 in-

201 2693 270 2751 quit,
289 2694 412 2752 magister
427 2694 539 2758 optime,
559 2699 698 2754 exoptatus
710 2698 774 2744 mihi
783 2710 853 2744 nune
863 2699 940 2745 renis
949 2709 998 2743 cun
