2067 3034
139 88 193 143 alt
392 88 500 136 sunl
535 88 696 138 annm-1

139 205 230 266 Nosti,
249 205 367 267 inquam,
385 204 525 264 magister,
544 207 652 252 verbum
666 204 732 252 illud
745 204 849 252 scilicet
859 209 954 252 vetus:

140 274 280 333 Egregiam
289 273 430 327 musicam,
443 286 509 329 quae
521 272 555 318 sit
565 272 727 331 abscondita,
744 287 801 319 eam
810 286 871 318 esse
882 272 953 319 nulli

140 336 197 388 rei?
236 342 289 388 Oro
300 353 362 398 ergo
372 342 406 394 te,
417 339 490 397 legas
500 340 547 386 hos
558 352 649 386 versus
660 340 793 398 pauculos,
804 341 831 385 et
841 354 955 397 prover-

141 407 275 467 bibianus,
284 408 352 470 quod
362 406 390 452 in
400 407 440 452 his
450 407 567 452 versibus
577 410 625 466 est,
633 407 788 452 sententiam
795 407 867 453 dicas
878 407 954 453 milri.

143 479 168 522 l.
187 476 266 534 Lege,
277 473 370 532 inquit,
380 476 407 519 tu
417 473 481 518 mibi
491 474 586 531 potius,
598 487 663 532 quae
673 487 726 519 non
737 473 913 531 iutelligis‚ut
924 488 956 519 es

143 542 193 589 tibi
207 554 255 599 ego
270 554 398 587 enarrem.
433 543 457 586 d.
482 541 615 595 Quonam,
634 541 751 599 inquam,
771 545 847 599 paeto
862 542 954 599 legere

144 623 194 668 ego
208 621 327 667 possum,
346 621 411 664 quae
426 620 479 652 non
493 610 636 665 assequor!
671 607 826 654 indistincta
842 622 954 665 namque

145 678 215 735 fient,
228 677 255 720 et
265 675 383 733 confusa,
393 687 458 730 quae
467 673 566 733 legero,
578 678 604 721 et
614 677 685 720 tuam
694 688 796 732 quoque
806 674 954 734 impedient

145 742 324 791 intentionem.
354 744 377 787 6.
390 740 543 797 runcaliis
555 742 642 801 ctiam,
653 742 696 799 qui
708 742 744 789 ibi
754 741 870 801 aderant,
883 757 954 790 com-

146 809 266 871 pluribus
276 810 344 856 idem
354 807 588 868 comprobantibus,
605 809 872 869 desiderantibusve,
883 811 953 856 acci-

133 929 137 934 ,
146 878 186 938 pit
195 890 210 922 a
220 890 260 923 me
269 877 366 923 librum
374 880 487 922 veterem
493 907 501 936 ,
515 876 575 922 fidei
585 879 724 937 spectatae,
739 877 875 923 luculente
886 876 953 924 scri-

146 947 225 1007 ptum.
260 946 284 993 i.
301 942 403 1002 Accipit
412 945 498 989 autem
511 942 750 991 inconstantissimo
760 944 835 990 vultu
845 948 871 991 et
881 959 953 991 moe·

149 1012 273 1059 stissimo.
309 1014 332 1058 8.
353 1011 409 1057 Sed
419 1010 479 1067 quid
490 1010 584 1057 deinde
594 1011 691 1057 dicami
727 1014 785 1058 Non
796 1013 882 1059 audeo
892 1012 954 1058 her-

148 1081 189 1129 cle
199 1080 342 1139 postulare,
351 1081 380 1123 ut
390 1077 416 1122 id
427 1077 545 1124 credatur
554 1077 626 1123 mihi.
663 1082 686 1124 9.
705 1079 784 1125 Pueri
794 1080 821 1125 in
832 1080 895 1126 ludo
907 1093 953 1125 ru-

109 1166 118 1182 ·
149 1148 204 1206 des,
219 1146 243 1193 si
253 1160 310 1192 enm
322 1145 416 1191 librum
430 1144 600 1204 accepissent,
611 1159 667 1191 non
677 1145 698 1192 ii
706 1146 790 1205 magis
800 1147 828 1192 in
837 1148 952 1205 legendo

149 1214 289 1260 deridiculi
300 1212 421 1269 tuissent;
431 1210 468 1257 ita
478 1214 503 1257 ct
514 1212 656 1258 sententias
664 1214 844 1274 intercidebat,
855 1217 882 1260 et
892 1229 954 1261 ver·

148 1284 182 1328 ba
201 1281 320 1339 corrupte
340 1279 534 1337 pronuntiabat
570 1281 609 1325 lo.
627 1281 721 1327 Reddit
738 1280 819 1339 igitur
835 1282 900 1327 mibi
919 1282 953 1328 li-

148 1351 235 1410 brum,
248 1346 337 1395 multia
348 1346 399 1393 iam
409 1346 566 1405 ridentibus3
587 1350 625 1394 et:
644 1347 737 1403 Vides,
751 1348 845 1408 inquit,
859 1349 953 1395 oculos

146 1431 220 1463 meos
231 1429 323 1475 aegros
333 1414 495 1472 assiduisque
505 1414 728 1462 lucubrationibus
737 1429 819 1474 prope
831 1416 883 1462 iam
893 1431 954 1475 per-

149 1484 233 1530 ditos:
251 1484 299 1531 vix
314 1482 386 1541 ipsos
396 1482 531 1528 literarum
540 1481 628 1539 apices
637 1483 712 1541 patui
723 1484 953 1542 comprehendere:

148 1565 207 1598 cum
217 1550 309 1596 valebo
321 1551 351 1596 ab
362 1549 463 1614 oculis,
470 1548 557 1595 revise
567 1550 598 1595 ad
607 1564 660 1607 me,
673 1553 703 1596 et
712 1550 806 1596 librum
816 1550 895 1597 istum
904 1552 953 1599 tibi

149 1620 232 1664 totum
241 1617 335 1675 legam.
372 1615 412 1662 ll.
430 1617 520 1676 Recte,
535 1615 647 1676 inquam,
659 1617 698 1662 sit
708 1618 803 1677 oculis,
817 1618 952 1680 magister,

147 1685 208 1732 teris.
245 1689 285 1732 12.
305 1683 370 1745 Sed,
391 1682 419 1729 in
429 1697 480 1740 quo
490 1682 546 1729 illis
557 1683 624 1729 nihil
634 1697 698 1742 opus
709 1688 760 1742 est,
778 1685 818 1745 id,
837 1699 904 1744 rogo
918 1690 953 1749 te,

149 1753 220 1799 dicas
229 1751 304 1798 mihi:
327 1754 455 1797 caninum
461 1751 604 1810 prandium
613 1751 642 1796 in
650 1752 700 1798 hoc
712 1752 784 1808 loco,
799 1766 875 1811 quem
884 1754 954 1812 legi-

148 1820 192 1874 sti,
204 1819 266 1877 quid
277 1818 420 1877 significati
456 1820 496 1864 la.
513 1819 549 1865 At
557 1818 605 1864 illc
615 1819 735 1877 egregius
746 1821 857 1880 nebulo,
877 1822 954 1879 quasi

149 1887 249 1934 difficili
259 1886 412 1944 quaestione
422 1885 590 1947 perterritus,
610 1887 729 1945 exsurgit
739 1888 840 1944 statim,
859 1892 887 1933 et
897 1888 955 1934 abi-

148 1967 207 2001 ens:
227 1956 295 2011 Non,
308 1953 407 2011 inquit,
421 1966 525 2010 parvam
535 1967 589 1999 rem
600 1954 714 2011 quaeris:
734 1954 799 2000 talia
810 1968 858 2012 ego
869 1956 954 2013 matis

148 2036 203 2068 non
213 2022 303 2068 doceo.
316 2065 318 2070 ⁴
341 2022 380 2065 14.
399 2020 465 2066 Eius
476 2020 561 2064 autem
571 2019 634 2077 loci,
649 2020 737 2079 inquo
748 2021 775 2068 id
787 2022 955 2080 proverbium

149 2092 198 2149 est,
212 2089 291 2135 verba
300 2087 364 2134 haec
374 2088 446 2133 sunta
464 2087 523 2132 Non
532 2087 605 2133 eides
615 2088 687 2147 apud
694 2090 852 2135 Mnestheum
861 2089 953 2151 scribi,

148 2159 205 2203 tria
212 2171 311 2217 genera
320 2165 375 2203 esse
384 2156 445 2210 veni,
459 2156 570 2217 nigrum,
585 2156 681 2216 album,
697 2156 815 2216 medium,
830 2158 900 2217 qu‘od
907 2173 954 2205 vo-

146 2217 320 2287 consopita
339 2236 440 2281 novum,
454 2228 535 2278 vetus,
551 2223 661 2270 medium
669 2238 681 2282 ‚·
700 2222 842 2282 etefficere
851 2226 955 2285 nigrum

147 2293 230 2347 cirus,
241 2292 451 2348 altariorium,
462 2289 571 2336 mediam
580 2287 679 2350 rvr'rpsv?
701 2304 791 2338 novum
801 2292 954 2353 refrigera·

147 2370 188 2411 re,
200 2363 272 2403 vetus
285 2357 451 2417 calefacere,
468 2357 576 2404 mediam
588 2371 650 2404 vero
659 2372 717 2406 esse
726 2362 869 2419 prandium
879 2363 955 2407 cases·-

147 2417 228 2468 num?
262 2423 303 2467 15.
324 2422 394 2476 Quid
408 2423 537 2480 significet
543 2426 685 2483 prandium
695 2427 830 2488 cantarent,
848 2440 903 2472 rem
912 2427 953 2474 le-

147 2486 262 2534 viculum
271 2487 315 2532 diu
325 2491 351 2534 et
362 2490 440 2535 anxie
452 2490 634 2545 quaesivimus.
667 2495 707 2539 16.
717 2492 854 2538 Prandium
864 2495 953 2541 antem

144 2552 312 2607 abstemium,
332 2554 420 2610 inquo
430 2555 498 2601 nihil
510 2557 566 2603 vini
577 2561 694 2616 potatur,
714 2561 834 2605 caninum
848 2559 953 2619 dicitur,

52 2665 54 2674 ,
146 2618 267 2677 quoniam
281 2618 354 2667 canis
369 2619 431 2668 vina
445 2624 525 2672 caret.
562 2628 602 2671 1¹1.
621 2627 685 2673 Cum
699 2626 778 2685 igitur
786 2625 950 2673 mediumvi.

1015 211 1017 270 i

1015 273 1018 322 Ι
