2067 3034
322 153 457 204 ῙιΙΒΛΙ.
493 156 634 205 cAMu
846 157 880 210 51

77 258 187 324 etcivili
196 273 474 336 pugnaremovissent.
509 276 535 321 8.
552 275 627 333 Tum,
640 275 684 335 qui
694 273 796 336 penitus
805 282 881 339 atque

76 344 129 391 site
139 356 216 389 usum
225 357 255 390 ac
264 341 420 390 sententiam
427 340 499 401 legis
505 341 726 403 introspexerunt,
731 359 785 391 non
793 347 825 393 ad
835 361 882 394 su·

75 411 201 470 gendum,
215 410 262 456 sed
271 410 304 456 ad
314 408 482 457 desinendam
491 409 647 458 vetitionem
655 411 742 471 legem
750 411 881 461 lancem

77 478 207 526 dicebant.
240 476 276 523 Et
287 489 329 524 res
340 491 458 536 prorsum
467 490 495 525 ae
505 476 640 525 sichalet.
673 481 699 524 4.
718 480 784 527 Nam
798 479 822 526 si
835 483 882 528 bo·

76 543 105 593 ni
115 557 219 604 omnes,
232 544 274 603 qui
285 545 314 590 in
323 544 452 604 principio
463 545 623 593 coercendae
636 544 759 594 seditioni
772 547 883 607 impares

78 611 186 673 tuerint,
199 612 373 670 populumque
382 611 508 671 percitum
515 614 543 659 et
552 614 679 660 mentem
686 626 741 660 uon
750 614 883 662 deterrue-

77 677 142 740 rint,
157 679 189 724 ad
203 678 355 725 ulterutram
363 680 462 738 partem
471 678 550 727 divisi
564 691 622 726 sese
631 680 812 729 adiunxerint:
829 685 884 729 tum

79 744 194 804 eveniet,
215 747 256 805 nt,
272 754 330 792 cum
339 745 405 792 socii
414 746 496 806 partis
505 758 623 793 seorsum
632 747 766 805 utriusque
776 748 883 808 fuerint,

79 824 176 869 eaeque
186 814 273 870 partes
287 813 318 858 nb
329 812 375 872 iis,
393 811 539 859 ntmnioris
549 812 713 861 auctoritatis
722 814 799 875 viris,
818 816 883 862 tem·

78 876 166 938 perari
180 892 212 925 ac
223 877 280 938 regi
296 879 440 941 coeperint,
460 878 600 927 concordia
612 894 659 939 per
668 893 713 929 eos
722 880 883 940 potissimum

77 945 182 993 restitui
199 946 387 1006 conciliarique
401 945 495 1007 possit,
516 947 576 992 dum
595 950 622 992 et
637 960 713 1008 suos,
732 948 801 1006 apud
818 962 883 1008 quos

78 1015 146 1073 sunt,
158 1013 255 1071 regunt
264 1014 340 1071 atque
349 1013 490 1072 mitificant,
504 1013 531 1058 et
540 1013 705 1060 adversarios
715 1016 820 1062 sanatos
828 1030 884 1063 ma-

77 1079 116 1139 gis
127 1079 246 1138 cupiunt,
256 1094 331 1138 quam
340 1080 464 1139 perditos.
491 1083 515 1126 5.
527 1080 584 1127 Hoc
594 1079 662 1126 idem
670 1079 817 1127 Favorinus
825 1080 884 1141 phi-

76 1145 206 1208 losophus
230 1147 299 1194 inter
319 1147 414 1194 untres
431 1159 532 1206 quoque
550 1149 596 1194 ant
613 1147 709 1194 amicos
729 1146 883 1198 dissidentes

74 1211 199 1273 oportere
214 1214 270 1260 teri
285 1216 416 1261 censebat:
432 1216 474 1273 ut,
494 1212 575 1271 quiin
584 1214 669 1261 medio
680 1217 740 1260 sunt
750 1214 883 1275 utriusque

71 1280 158 1341 partis
167 1280 304 1338 benevoli,
323 1281 346 1328 si
356 1281 384 1327 in
395 1280 536 1328 concordia
545 1281 685 1327 annitendo
693 1294 783 1339 parum
792 1285 883 1330 aucta·

71 1347 172 1408 uitatis,
183 1349 259 1405 quasi
269 1347 382 1407 ambigui
392 1347 477 1400 amici.
491 1346 641 1406 habuerint,
656 1350 710 1393 turn
719 1348 795 1395 alteri
805 1349 833 1395 in
842 1350 883 1397 al·

72 1418 159 1462 terant
168 1416 269 1474 partem
279 1414 424 1474 discedant3
443 1427 475 1463 sc
488 1425 534 1471 per
546 1413 572 1460 id
582 1415 702 1461 meritum
710 1415 781 1462 vium
790 1414 840 1464 sibi
851 1415 883 1463 ad

73 1482 214 1541 utriunque
228 1482 393 1529 concordiam
405 1481 533 1529 muniant.
569 1482 593 1527 6.
611 1483 686 1528 Nunc
703 1484 789 1528 nutem
802 1481 884 1541 pleri·

75 1562 134 1609 que,
150 1548 247 1611 inquit,
262 1549 344 1608 partis
354 1549 487 1607 utriusque
496 1547 586 1610 amici,
602 1547 676 1607 quasi
686 1551 767 1606 probe
778 1549 883 1607 iaciant,

75 1616 128 1663 duo
144 1615 282 1675 litigantes
299 1616 443 1664 destituunt
457 1618 483 1661 et
496 1614 662 1673 relinquunt3
682 1615 827 1675 deduntque
838 1629 883 1664 eos

74 1683 216 1729 advocatis
224 1682 363 1730 malevolis
373 1685 418 1730 aut
427 1680 529 1737 everis,
547 1681 591 1740 qui
601 1682 662 1728 lites
676 1682 825 1742 mnusque
837 1697 883 1732 eo·

72 1763 132 1797 rum
141 1750 311 1814 indnmment,
321 1751 366 1797 ant
374 1749 431 1797 odii
439 1749 536 1810 studim
545 1751 590 1797 aut
599 1746 678 1797 lucri.

327 1872 387 1925 (ill
404 1870 429 1922 P
445 1870 471 1922 U
486 1871 511 1923 Τ
545 1869 636 1922 Xlll.

99 1951 202 2000 liberor
216 1953 241 1998 io
256 1952 412 2006 multitudinis
425 1966 521 1998 numero
530 1954 604 1998 etiam
612 1950 883 2009 unumssliwufiliamue

128 2015 218 2055 veteres
229 2010 321 2055 disice.

106 2085 132 2134 1.
139 2085 250 2145 Antiqui
262 2090 378 2135 oratores
387 2086 563 2144 historiaeque
572 2087 617 2132 aut
627 2084 883 2144 carminumseripto·

69 2165 113 2201 res
128 2153 212 2200 etium
227 2168 306 2201 unum
319 2154 400 2202 lilium
415 2155 527 2203 filiamve
540 2154 637 2201 liberor
649 2152 823 2200 multitudinis
832 2167 882 2201 nu·

69 2233 146 2268 mero
158 2221 334 2280 appellarunt.
369 2225 395 2269 2.
405 2222 484 2280 quue
493 2233 542 2268 nos
553 2234 610 2266 cum
620 2219 647 2265 in
657 2219 828 2278 complurium
837 2232 881 2266 ve-

69 2288 159 2334 terum
177 2287 256 2336 libris
275 2288 399 2347 scripturn
417 2288 574 2347 aliquotiens
592 2287 793 2348 adverterimus,
812 2300 882 2334 nunc

69 2368 179 2414 quoque
194 2353 223 2401 in
236 2353 306 2403 libro
321 2355 467 2415 Sempronii
481 2353 628 2401 Asellionis
640 2355 735 2401 Rerum
745 2355 882 2403 Gestarum

69 2423 166 2480 quinto
177 2418 216 2469 ita
226 2422 340 2481 positum
350 2435 406 2470 esse
416 2422 577 2470 offendimus.
611 2423 636 2467 t.
647 2423 672 2467 Is
682 2422 784 2469 Asellio
794 2421 841 2468 sub
851 2420 882 2469 P.

70 2486 201 2548 Scipione
210 2489 336 2537 Africano
352 2491 471 2538 tribunus
479 2488 592 2535 militum
601 2488 634 2534 ad
642 2489 806 2536 Numantiam
815 2487 881 2535 tuit:

69 2568 168 2614 resque
184 2568 242 2614 eas,
261 2557 352 2615 quibus
362 2557 483 2616 gerendis
498 2555 554 2614 ipse
568 2555 701 2614 interluit,
720 2552 882 2612 conscripsit·

69 2623 95 2668 l.
114 2622 186 2669 Eius
201 2625 281 2670 verbu
294 2624 324 2670 de
334 2623 439 2670 Tiberio
451 2622 575 2678 Graccho,
588 2622 693 2668 tribuno
703 2621 783 2679 plebi,
793 2632 844 2676 quo
855 2617 883 2663 in

70 2691 193 2750 tempore
210 2687 366 2738 interfectus
382 2688 410 2737 io
430 2689 563 2749 Capitolio
576 2690 629 2745 est,
648 2688 712 2734 hoec
725 2688 797 2733 snut:
815 2682 884 2731 Nom
