2067 3034
342 136 425 182 LIB.
452 136 474 180 1.
510 135 601 182 GAP.
629 137 653 182 a.
886 137 904 188 *d

100 257 153 314 ait,
169 253 329 301 nasceretur.
366 252 417 299 Sed
426 251 453 298 id
463 265 575 315 quaero,
591 250 618 298 id
633 251 765 303 desidero:
784 269 840 304 eum
854 272 902 319 prs

101 323 186 370 amieo
197 324 290 368 eontra
303 321 346 367 ius
357 323 383 367 et
397 323 487 367 contra
496 333 572 378 quam
581 319 659 382 lieet,
674 321 749 369 salva
763 324 849 372 tamen
867 327 903 375 li·

99 392 201 437 bertate
212 393 288 447 atque
298 401 376 447 pace,
392 386 537 433 laciendum
547 389 601 446 est,
620 389 647 433 et
656 401 712 434 eum
722 387 752 436 de
762 390 821 446 via,
835 392 904 440 sicut

100 457 159 516 ipse
170 456 221 512 ait,
231 454 412 502 declinandum
422 456 476 500 est:
495 454 558 512 quid
568 457 596 499 et
607 457 743 516 quantum,
758 460 785 503 et
794 457 823 503 iu
832 460 903 517 quali

101 536 188 583 musa,
198 525 227 569 et
236 535 348 579 quonam
357 533 438 579 usque
447 520 474 567 id
484 520 541 566 heri
550 519 649 566 debeat.
671 523 714 567 2⁰.
729 523 844 571 Pericles
855 524 902 575 ille

101 588 284 649 Atheniensis,
304 587 426 647 egregius
440 586 482 634 vir
500 586 623 649 ingenio,
642 587 768 647 bonisque
783 590 902 639 omuibus

101 656 251 715 disciplinis
266 658 388 714 ornatus,
406 654 435 700 in
444 666 498 700 una
506 653 610 712 quidem
619 654 720 713 specie,
736 656 782 702 sed
798 657 901 715 planius

100 728 196 784 temen,
207 722 268 781 quid
280 721 452 782 existimaret,
463 722 597 779 protessus
607 723 654 768 est.
689 723 756 769 Nam
766 736 824 770 eum
833 725 901 772 smi-

101 805 146 838 eus
158 804 218 837 eum
227 791 347 850 rogaret,
356 790 387 834 ut
395 802 442 846 pro
451 802 481 834 re
491 800 618 846 musaque
627 787 684 835 eius
694 789 789 836 falsum
799 790 901 839 deiera-

99 861 155 915 ret,
171 857 212 904 his
228 856 261 903 sd
271 869 330 902 eom
342 854 430 902 serbis
443 868 506 902 usus
522 857 574 903 est
612 851 661 901 Δεῖ
676 869 710 917 με
726 851 900 919 συμπράττειν

98 927 156 978 ’τοῖς
172 922 270 987 φίλοις,
292 915 359 968 risile
374 920 448 985 μέχρι
463 921 515 969 τῶν
528 921 611 969 θεῶν.
644 924 687 967 21
709 924 900 983 Theophrastus

98 991 209 1039 summ
201 1005 232 1036 ru
242 1004 289 1046 eo,
304 1003 355 1048 quo
366 988 436 1049 dixi,
454 989 523 1036 libro
536 988 691 1048 'anquisitius
706 991 809 1048 quidem
823 1005 901 1051 super

98 1060 147 1106 bae
156 1072 188 1106 re
197 1058 257 1115 ipsa
266 1059 294 1104 et
303 1056 421 1105 exactius
430 1056 611 1117 pressiusque,
621 1070 696 1115 quam
706 1056 806 1119 Cicero,
817 1059 900 1106 disse·

96 1127 144 1174 rit.
181 1127 224 1171 22.
242 1125 293 1172 Sed
307 1124 331 1170 is
346 1135 446 1182 quoque
461 1123 490 1170 iu
505 1123 620 1170 docendo
635 1136 689 1169 uon
704 1123 735 1169 de
744 1137 899 1184 unoquoque

97 1196 170 1240 tosto
186 1191 345 1249 singillatim
360 1189 507 1252 existimat,
523 1204 606 1249 neque
623 1190 701 1236 certis
718 1192 900 1249 exemplorum

96 1259 277 1313 documentis,
292 1257 337 1305 sed
346 1257 483 1316 generibus
493 1271 580 1304 rerum
590 1257 733 1304 summatim
742 1258 898 1306 universim·

94 1342 145 1387 quo
155 1326 253 1381 utitur,
263 1325 371 1370 adhunc
381 1325 461 1370 ferme
470 1324 586 1370 modum:
603 1326 646 1370 23.
657 1325 754 1387 Parva,
764 1325 862 1387 inquit,
872 1328 900 1374 et

92 1393 184 1441 tenuis
192 1392 239 1440 vel
249 1390 395 1452 turpitudo,
410 1391 454 1436 vel
463 1390 572 1437 infamia
585 1392 716 1438 subeunda
725 1396 778 1451 est,
794 1392 817 1439 si
827 1406 858 1440 es
867 1406 898 1441 re

91 1473 191 1521 magna
200 1458 303 1505 utilitas
314 1456 395 1504 amieo
406 1457 495 1515 quaeri
503 1460 597 1516 potest.
608 1458 766 1516 Rependitur
772 1459 864 1518 quippo
872 1461 899 1506 et

92 1527 282 1586 compensatur
296 1525 355 1571 leve
370 1524 488 1571 domm
502 1525 630 1572 delibatae
645 1525 789 1573 honestatis
798 1526 898 1574 maiore

93 1595 152 1642 alia
161 1592 336 1653 gravioreque
352 1591 380 1636 in
394 1590 540 1638 adiuvando
555 1592 637 1639 amieo
652 1593 802 1642 honestate:
819 1592 898 1641 mini·

90 1675 189 1719 meque
197 1661 250 1706 illa
258 1660 331 1704 labes
342 1660 369 1703 et
378 1657 450 1715 quasi
465 1659 559 1705 lamma
572 1661 655 1706 lamae
664 1660 828 1708 munimentis
837 1673 899 1719 psr-

91 1732 183 1776 tarum
193 1727 278 1773 amico
288 1724 429 1771 utilitatum
444 1724 579 1772 solidatur.
614 1728 657 1772 24.
675 1729 765 1786 Neque
780 1726 898 1774 nomini-

89 1797 151 1858 bus,
163 1793 250 1852 inquit
256 1824 264 1848 ,
274 1792 374 1838 moveri
384 1805 432 1837 uos
443 1793 560 1852 oportet,
571 1792 641 1852 quod
650 1794 723 1850 paria
731 1807 827 1852 genere
837 1793 896 1852 ipsu

90 1877 150 1909 uon
171 1862 234 1908 sunt
250 1860 374 1906 honestas
393 1872 465 1905 meae
483 1860 569 1905 lamae
587 1861 616 1905 et
632 1860 673 1906 rei
692 1860 767 1907 amici
785 1860 897 1908 utilitas.

90 1928 262 1977 Ponderibus
269 1924 409 1971 haeeenim
416 1925 639 1985 potestatibusque
648 1927 835 1987 praesentibus,
841 1940 897 1975 uon

90 1995 288 2044 vocabulorum
302 1992 521 2050 appellationibus
534 2007 617 2051 neque
632 1993 801 2051 dignitatibus
815 2007 897 2052 gene·

89 2077 151 2110 rum
162 2059 329 2108 diiudicanda
340 2060 405 2105 sunt.
440 2061 482 2106 25.
500 2061 567 2106 Nam
583 2073 641 2107 eum
655 2060 684 2106 in
702 2062 779 2107 rebus
793 2065 839 2108 aut
849 2074 896 2120 pa·

89 2131 169 2177 ribus
178 2162 185 2186 ,
195 2131 305 2175 autnon
315 2125 394 2185 longe
404 2139 492 2186 secus,
510 2126 612 2173 utilitas
622 2126 698 2172 amiel
712 2131 758 2173 aut
772 2128 895 2176 honestas

89 2199 188 2244 nostre
202 2193 338 2253 consistit,
352 2194 475 2239 honestas
493 2193 587 2251 procul
602 2193 680 2240 dubio
695 2196 894 2252 praeponderat.

90 2267 160 2311 cum
169 2275 235 2310 vere
251 2260 329 2307 amici
341 2260 441 2306 utilitas
454 2259 536 2306 nimio
546 2260 592 2306 est
609 2260 734 2318 amplior,
750 2262 895 2313 honestatis

91 2332 182 2377 autem
190 2330 300 2374 nostrae
312 2327 340 2374 iu
354 2340 383 2372 re
396 2339 450 2373 non
465 2326 539 2386 gravi
557 2325 624 2372 levis
638 2326 739 2374 iactura
754 2329 806 2374 est:
824 2331 896 2385 tono,

91 2396 165 2455 quod
173 2395 243 2441 utile
254 2393 338 2440 amico
349 2395 402 2453 est,
411 2393 439 2439 id
448 2407 510 2451 prae
522 2393 571 2439 illo
576 2393 809 2451 ,quodhonestum
816 2395 894 2442 nobis

92 2467 148 2525 est,
165 2463 194 2508 ut
202 2461 323 2520 plenius:
342 2459 421 2506 sicuti
434 2473 555 2525 maguum
570 2460 672 2519 pondus
682 2461 751 2508 ueris
764 2461 895 2518 persals-

90 2543 155 2577 mus
169 2528 230 2575 auri
244 2528 274 2573 fit
289 2527 440 2586 pretiosius
466 2518 553 2573 Verba
566 2525 656 2573 adeo'
649 2540 707 2584 ipsa
722 2525 896 2602 Theophrasti

93 2609 217 2655 superea
232 2593 411 2652 readseripsi:
439 2595 480 2639 26.
504 2585 558 2638 Οὔκ
575 2585 645 2651 οἶδ’,
666 2587 842 2648 εἴποντούτῳ
857 2587 894 2648 τῷ

4 2658 20 2687 '
92 2663 161 2724 γένει
177 2653 336 2727 τιμιώτερον
351 2656 416 2723 quq,
436 2651 519 2723 καὶ,
506 2656 594 2709 ornus
610 2652 667 2725 ἂνῃ
655 2649 773 2723 ’μέρος,
788 2651 895 2710 τούτου,
