2067 3034
259 29 267 60 s

151 117 207 171 354
407 121 515 168 AULl
542 121 701 168 GELLll

153 239 193 288 tio
204 238 272 299 apud
281 237 414 299 Aquilium
426 239 529 286 Gallum
542 237 654 286 iudieem
664 235 745 295 dixit,
764 251 812 286 sex
827 238 853 285 et
863 235 957 296 viginti

153 307 217 355 unni
226 307 400 366 reperiuntur.
434 308 525 363 Neque
535 305 637 352 dubium
648 309 699 362 est,
714 305 776 364 quin
786 311 844 363 post
856 319 958 362 sunum,

155 387 232 431 quum
246 387 293 432 pro
305 373 415 427 Quintio
427 373 544 428 diuersi,
563 374 626 420 Sex.
637 373 756 419 Roscium
767 386 839 420 reum
850 372 960 430 psrsiei·

155 441 193 487 dii
203 440 356 495 defenderit,
368 452 450 486 anuos
461 440 512 486 iam
521 442 619 498 septem
628 442 654 485 et
663 439 758 498 viginti
767 442 853 495 nutus,
863 440 893 483 1..
899 438 961 485 Sul·

154 507 184 553 lu
196 508 286 555 Felice
301 509 334 552 ΙΙ.
347 508 378 560 Q.
395 508 505 553 Metello
522 506 570 552 Pio
585 506 743 553 consulibus.
777 508 801 552 4.
820 508 851 552 ln
867 517 960 563 quere

156 573 235 620 etium
245 573 419 619 Fenestellam
429 587 542 633 errasse,
561 573 691 619 Pedianus
700 573 829 619 Asconius
843 572 960 618 uuimsd-

155 639 246 700 vertit,
257 639 325 698 quod
334 653 390 686 eum
402 640 538 698 scripserit
547 642 623 687 sexto
635 641 662 685 et
672 640 796 686 vicesimo
807 640 904 685 setutis
914 653 961 685 su*

156 709 322 766 uoproSex.
350 706 444 753 Roscio
457 705 568 754 dixisse.
604 710 628 753 5.
648 707 765 765 Longior
775 709 861 753 sutem
871 709 962 765 Nepo-

157 774 208 833 tis,
230 786 303 832 quum
317 773 482 821 Fenestellae
498 787 572 820 error
587 776 640 833 est5
660 773 712 819 uisi
728 773 784 831 quis
797 774 895 819 vultiu
905 772 962 819 uui·

156 854 225 889 mum
237 839 375 897 inducere,
394 840 522 899 Nepotem
532 840 618 886 studio
629 840 726 887 umoris
736 842 763 886 et
772 839 905 886 amicitiae
916 840 961 887 ud-

155 908 275 963 duetum,
299 906 492 965 amplificandas
507 907 688 954 admirationis
704 907 800 967 grstia,
820 907 962 965 quadrien·

157 973 231 1021 nium
249 973 438 1032 suppressisse;
457 978 486 1021 ut
504 977 541 1020 M.
558 975 647 1020 Cicero
666 974 810 1020 orationem
825 975 963 1021 florentem

158 1041 259 1088 dixisse
268 1054 314 1099 pro
319 1042 414 1087 Roscio
425 1041 562 1088 admodum
569 1041 721 1088 adolescens
731 1042 873 1088 videretur.
892 1044 916 1086 6.
925 1041 962 1086 ll-

157 1108 206 1155 lud
222 1108 285 1154 adeo
301 1108 332 1153 ub
348 1109 481 1166 utriusque
491 1108 606 1154 oratoris
617 1109 742 1155 studiosis
753 1108 963 1155 animadversum

158 1177 186 1223 et
196 1174 319 1232 seriptum
329 1177 377 1232 est,
394 1176 463 1233 quod
471 1175 660 1222 Demosthenes
671 1179 697 1222 et
706 1176 797 1222 Cicero
807 1175 866 1233 puri
875 1177 962 1221 uetste

157 1239 351 1289 illustrissimos
367 1242 499 1288 orationes
515 1241 544 1286 in
559 1242 644 1288 esusis
661 1242 789 1303 dixerint,
809 1242 878 1289 ulter
896 1234 962 1288 κατὰ

154 1301 337 1370 Ἀνδροτίωνος
347 1306 389 1353 uui
399 1304 465 1354 κατὰ
477 1302 657 1370 Τιμοκράτους
667 1313 765 1369 septem
775 1312 801 1356 et
811 1308 908 1367 viginti
917 1322 951 1355 uu

157 1388 206 1422 nos
216 1377 299 1431 nutus,
313 1374 381 1422 ulter
391 1390 459 1423 enno
470 1376 557 1424 minor
566 1389 613 1434 pro
623 1376 652 1422 Ρ.
665 1377 783 1439 Quintio,
799 1376 962 1434 septimoque

161 1443 189 1489 et
203 1442 327 1488 vicesimo
342 1456 389 1501 pso
400 1444 462 1491 Sex.
472 1443 578 1491 Roscio.
612 1445 638 1489 ’1.
656 1444 787 1491 Vixerunt
796 1456 898 1501 quoque
909 1455 961 1489 nou

157 1509 236 1555 nimis
251 1521 385 1556 numerum
399 1523 524 1557 annorum
541 1510 683 1571 diversum,
700 1512 768 1560 ulter
780 1514 834 1559 tres
844 1512 872 1558 et
879 1523 959 1560 sexe-
980 1522 983 1526 ’

156 1575 231 1635 gluto
240 1587 332 1635 sunus,
341 1577 529 1624 Demosthenes
540 1577 684 1635 sexaginta.

371 1675 557 1727 CAPUT
592 1675 707 1728 XXIX.

188 1739 472 1842 Questls’figserugtrutionu's
486 1749 510 1787 et
521 1757 590 1800 quam
602 1756 664 1788 noun
673 1743 701 1787 I..
711 1743 764 1788 Piso
775 1743 896 1788 mmulimn
905 1741 959 1787 κη’·

209 1811 229 1855 p
242 1809 268 1839 Gr
277 1812 327 1841 mm
335 1812 354 1841 82
366 1827 373 1840 ο

192 1858 216 1904 l.
234 1858 306 1905 Duae
317 1858 383 1905 istse
394 1857 422 1905 iu
431 1858 561 1918 loquendo
570 1860 667 1918 figurae
676 1861 754 1906 notes
763 1858 827 1906 sutis
836 1859 960 1907 usitstse·

157 1936 207 1981 que
219 1928 291 1972 suut:
309 1926 377 1974 Mile·
387 1940 478 1972 nomen
492 1933 535 1973 est
545 1926 625 1982 Iulio,
639 1928 678 1972 ei:
696 1926 857 1973 mihinam
867 1927 961 1974 estlu·

155 1993 196 2041 lu.
230 1995 255 2039 2.
274 1992 388 2039 Tertium
402 1994 507 2052 ligurum
523 2005 616 2040 novem
630 1992 717 2039 hercle
728 1993 831 2052 repperi
839 1993 909 2053 spud
917 1992 962 2039 Pi·

157 2072 247 2106 sonem
257 2058 284 2105 iu
294 2060 408 2106 seeundo
419 2060 568 2106 Annalium.
602 2061 688 2107 Verbo
697 2060 801 2107 Pisonis
813 2061 878 2107 hsec
888 2062 961 2108 sunt:

157 2126 190 2173 L.
208 2128 388 2189 Tarquinium,
407 2129 533 2187 collegam
546 2140 633 2182 suum,
650 2129 713 2188 quia
730 2130 903 2188 Tarquinium
916 2142 962 2175 no·

157 2206 214 2240 men
225 2200 299 2249 esset,
309 2200 422 2241 metuere
427 2209 439 2253 ‚·
458 2208 565 2253 eumque
575 2199 645 2255 orat,
657 2197 697 2241 nti
704 2208 752 2242 sna
762 2197 898 2242 uoluntate
908 2196 962 2242 llo-

158 2260 385 2308 nsnnseontendnt.
421 2262 491 2319 Quia
505 2263 688 2322 Tarquinium,
704 2261 802 2320 inquit,
820 2275 963 2313 sostenes-

158 2332 216 2383 ηις
233 2326 283 2374 hoe
296 2327 403 2385 perinde
416 2329 469 2393 est,
489 2331 612 2388 tunqusm
626 2328 650 2375 si
663 2342 712 2388 ego
726 2329 824 2377 dicam:
843 2329 962 2378 suintun-

156 2405 214 2439 snsn
223 2398 264 2439 est
272 2394 377 2442 Iulium.

398 2476 458 2528 cll
475 2477 498 2529 P
515 2478 541 2531 U
559 2479 584 2528 T
618 2475 719 2529 XXX.

189 2535 330 2592 reuinctum,
359 2545 421 2598 quod
438 2545 619 2597 petorritum
637 2547 780 2601 appellasse,
808 2543 894 2589 cuiatis
916 2542 961 2589 tin·

213 2606 275 2649 guae
282 2595 418 2640 uocabulum
426 2599 464 2646 sit.
476 2599 580 2643 Graecae
589 2615 620 2643 un
632 2601 743 2645 Gallicae.

192 2653 218 2700 1.
237 2653 288 2707 Qui
298 2655 328 2702 sb
339 2654 392 2702 ulio
407 2670 501 2716 genere
510 2659 582 2708 vitae
592 2660 682 2709 detriti
690 2661 743 2709 ism
755 2663 783 2709 et
790 2658 917 2728 retorridi
926 2659 960 2708 ud
