2067 3034
150 106 206 163 ,362
407 108 513 157 sunl
547 108 706 156 Gabari

154 231 325 289 elicitamque
338 228 392 289 est,
412 228 522 275 alterum
531 226 651 274 amentis
660 226 688 273 vi
697 227 775 285 atque
785 225 891 287 impetu
903 227 959 278 dici

153 304 207 347 tur.
245 298 348 345 Vescaaa
357 298 456 354 autem,
472 296 542 352 quod
551 308 584 341 ex
594 309 625 341 aa
634 294 764 353 particula
773 300 799 342 et
809 309 876 343 esca
887 311 966 356 copu-

153 366 234 414 latum
250 369 304 422 est,
324 363 461 420 utriusque
475 363 593 409 diversae
608 361 807 420 significationis
818 364 875 410 vim
886 366 966 424 capit.

153 437 179 480 ⁶1.
198 434 285 480 Aliter
299 431 368 479 euim
382 430 521 477 Lucretius
535 443 636 478 ccccm
649 429 733 477 salens
746 429 810 477 dicit
819 445 856 479 ex
867 430 966 480 edendi

153 500 310 549 intentione:
330 498 409 545 aliter
422 497 539 543 Lucilius
553 510 655 543 veseina
668 496 784 555 appellat
797 509 856 545 cum
867 499 966 547 edendi

153 568 270 617 fastidio.
306 569 331 612 8.
351 563 401 617 oiri
418 565 508 610 domos
523 564 604 621 igitur
614 564 711 622 amplas
722 565 869 623 antiquitus
882 566 966 613 facie·

153 637 224 692 bant,
234 635 320 681 locum
330 636 389 678 ante
400 631 503 677 ianuam
514 626 645 693 [vacuum]
656 631 848 696 relinquebant,
864 634 910 692 qui
923 635 965 680 in.

153 704 274 751 tortores
285 701 374 747 domus
385 704 412 745 et
421 699 488 745 viam
497 698 597 745 medina
608 701 687 744 esset.
716 701 741 745 9.
750 702 781 745 ln
791 714 823 746 eo
834 701 909 757 loco,
920 700 964 759 qni

151 768 285 816 dominnm
295 767 354 814 eius
364 766 454 812 domus
464 767 604 812 salutatum
615 767 909 825 veneraut‚priusquam
919 768 965 815 ad.

152 835 331 891 mitterentur,
351 833 540 880 consistebant:
560 835 587 878 et
596 846 679 889 neque
689 833 716 879 in
726 833 770 881 via
779 837 901 892 stabant,
915 850 963 882 ne·

154 918 203 964 que
216 903 285 949 intra
303 902 379 949 aedes
399 904 484 947 erant.
521 902 561 945 1⁰.
578 902 617 946 Ab
634 900 684 946 illa
700 914 762 959 ergo
779 903 888 960 grandis
906 901 963 950 loci

156 969 322 1026 constitione,
333 972 359 1016 et
368 968 442 1025 quasi
452 967 562 1025 quadarn
572 967 756 1025 stabulatione,
771 969 905 1017 vestibula
917 983 962 1028 ap·

154 1038 338 1097 pellata<snnt3
354 1035 447 1095 spella,
458 1033 535 1080 sicuti
545 1033 669 1093 diximus,
684 1035 802 1096 grandia,
814 1041 878 1082 ante
890 1040 961 1084 tores

156 1105 258 1152 aedium
268 1104 368 1159 relicta,
380 1102 510 1161 inquibus
522 1103 633 1159 starent,
651 1102 695 1159 qui
707 1103 852 1161 venissent,
874 1104 962 1163 prins·

156 1186 232 1231 quam
249 1172 277 1217 in
291 1171 391 1217 domum
405 1167 651 1215 intromitterentur.
686 1170 727 1216 11.
744 1170 899 1218 Meminisse
914 1185 960 1219 au·

156 1245 209 1287 tem
222 1238 383 1293 debebimus,
402 1235 430 1282 id
445 1235 599 1282 vocabulum
612 1248 665 1282 non
679 1248 780 1296 semper
796 1251 812 1283 a
828 1239 959 1288 veteribus

157 1305 327 1364 scriptoribus
341 1303 459 1362 proprie,
474 1302 521 1348 sed
530 1315 577 1359 per
586 1304 708 1359 quasdem
720 1304 909 1353 translationes
919 1320 960 1352 es·

134 1395 138 1403 ·
157 1388 186 1421 se
196 1373 304 1430 dietum3
320 1383 385 1429 qnae
396 1373 481 1416 tamen
491 1370 529 1415 ita
540 1373 600 1415 sunt
611 1371 704 1432 tactae,
714 1373 744 1417 ut
753 1372 785 1419 ab
795 1371 856 1432 ista,
868 1374 958 1431 deque

157 1440 281 1495 diximus,
292 1437 450 1498 proprietate
460 1451 513 1484 non
523 1437 602 1497 longe
613 1436 780 1485 desciverint.
807 1439 883 1487 Sicut
892 1440 958 1489 illud

156 1507 184 1555 in
193 1509 269 1554 sexto
280 1505 398 1564 Virgilii:

192 1573 346 1620 Vestibulum
357 1580 419 1619 ante
428 1575 518 1633 means,
524 1572 667 1631 primisque
675 1574 833 1634 infaucidae
844 1575 916 1638 Ores,

189 1641 287 1689 Laetus
296 1647 321 1687 et
331 1641 439 1687 altrices
446 1654 560 1699 possam
569 1640 668 1686 cubilia
680 1643 774 1687 cieras.
903 1636 906 1642 '

158 1711 198 1757 12.
216 1708 278 1755 Non
289 1707 357 1754 euim
367 1707 523 1754 vestibulum
538 1707 649 1766 priorem
665 1711 764 1765 partem
774 1709 866 1757 domus
878 1710 957 1758 infer-

155 1791 203 1825 nae
213 1789 270 1824 esse
281 1776 356 1833 dicit;
377 1775 446 1833 quod
457 1777 583 1834 obrepere
594 1777 689 1833 potest,
707 1778 828 1833 tanquam
839 1778 862 1825 si
873 1778 910 1826 ita
919 1779 957 1825 di·

155 1848 240 1902 catur3
260 1845 305 1891 sed
317 1844 376 1890 loca
387 1843 439 1888 duo
450 1842 609 1887 demonstrat
619 1844 694 1888 extra
705 1843 767 1889 Orci
778 1846 861 1900 iores,
878 1846 958 1893 vesu·

153 1911 242 1959 bulum
254 1914 280 1958 st
291 1912 391 1958 lances:
410 1923 445 1956 ex
461 1909 554 1969 quibus
568 1912 594 1954 et
603 1908 761 1955 vestibulum
770 1913 888 1970 appellat
898 1919 957 1962 ants

153 1978 236 2039 ipsam
247 1972 343 2041 [quasi]
355 1976 465 2033 denium,
476 1979 503 2022 et
513 1978 573 2021 ante
583 1976 640 2034 ipsa
650 1976 711 2022 Orci
721 1978 882 2038 penetralia3
902 1983 956 2028 lau·

154 2060 198 2094 ces
208 2051 294 2092 autem
303 2047 380 2091 vocat
395 2042 446 2090 iter
456 2045 605 2104 augustum,
624 2056 670 2102 per
680 2044 750 2102 quod
759 2045 792 2092 ad
803 2047 956 2098 vestibulu-

153 2114 281 2162 adiretur.

418 2191 604 2246 CAPUT
637 2191 690 2245 Vl.

184 2260 314 2312 Hostias,
330 2274 387 2318 quas
403 2261 510 2305 dirimens
526 2260 671 2308 bidentes,
686 2259 742 2317 qaid
754 2259 917 2330 nistetqnasa
928 2263 957 2306 od

210 2331 304 2359 crsasum
318 2317 356 2359 ita
372 2319 507 2373 appellatae
519 2323 587 2360 caat.-
605 2330 714 2373 ssqmqua
728 2330 756 2359 ca
765 2329 790 2359 re
798 2316 825 2360 Ρ.
834 2316 927 2372 nigidii
934 2324 958 2365 at

211 2370 268 2415 lidii
276 2371 359 2426 Higs'm‘
367 2372 498 2415 sententiae.

192 2450 215 2493 l.
237 2447 381 2493 Redeuntes
401 2449 521 2508 Graecia,
541 2447 711 2493 Brundusium
731 2461 823 2494 nai'em
842 2448 957 2498 adverti·

156 2526 223 2560 mus.
259 2512 296 2558 lbi
312 2514 440 2570 quispiam
453 2515 559 2573 linguae
572 2514 679 2560 Latinae
695 2514 828 2570 literator,
847 2516 927 2565 Roma
941 2532 958 2566 a

156 2578 329 2628 Brundusinis
340 2580 493 2636 accersitus,
514 2580 702 2638 experiundum
713 2594 770 2627 sese
780 2582 860 2640 vulgo
871 2583 957 2633 dabatz

157 2650 183 2694 2.
201 2646 266 2694 imus
276 2643 309 2691 ad
318 2656 375 2692 eum
385 2658 433 2692 nos
444 2660 547 2706 quoque
557 2647 737 2694 oblectamenti
748 2648 842 2708 gratia.
860 2654 876 2698 i
896 2651 958 2701 Erat
