2067 3034
146 131 199 184 rm
399 134 506 201 sum
542 134 703 183 caucis

331 279 334 287 ’
395 317 580 372 creor
615 318 702 373 xlv.
760 305 801 312 ”

427 419 682 482 Quidsitpcmoeriam·

185 517 209 563 1.
227 515 390 564 Pomocrs'um
404 514 467 574 quid
484 519 569 577 esset,
589 528 701 575 augures
720 515 818 574 Populi
836 514 956 573 Romani,

151 584 195 643 qui
206 584 289 631 libros
300 585 330 631 ile
340 582 464 642 auspiciis
474 582 648 643 scripserunt,
668 581 814 629 istiusmodi
826 583 957 629 sententis

153 651 317 698 definierunt:
337 652 501 698 Pomocrs'um
516 656 558 698 est
572 651 643 697 Iocus
657 651 731 696 intra
742 655 834 711 agrum
845 650 957 712 effatum
1023 649 1024 694 3

149 732 201 779 per
210 720 288 766 totius
298 715 370 765 urbis
383 718 522 765 circuitum
529 732 598 777 pone
609 731 706 780 sauros,
719 719 866 778 regionibus
876 720 959 764 certis

152 785 356 841 (interstinctus,
372 786 497 849 quisacs't
504 781 587 843 finem
596 786 695 831 urbani
703 786 824 843 auspicii.
858 785 886 830 2.
904 787 959 832 Au·

153 851 326 911 tiqaisrimum
338 857 424 900 autem
436 852 606 911 pomoerium,
620 852 689 909 quod
702 851 837 899 aiiomulo
852 850 960 898 institu-

151 923 207 968 tum
217 922 270 978 est,
285 920 400 972 Palatini
409 919 505 969 montis
515 919 647 967 radicibus
657 919 858 977 teminabatur3
876 919 922 965 sed
932 918 960 965 io

152 987 313 1048 pomoerium
328 1000 376 1047 pro
392 986 560 1033 incrementis
575 985 736 1044 reipublicae
746 984 887 1044 aliquoties
898 998 961 1043 pro·
1024 993 1025 1004 ¹

150 1113 313 1172 'eiflabebat
322 1124 407 1170 eutem
418 1120 459 1167 ius
469 1119 620 1178 proferendi
630 1119 766 1177 pomoerii,
781 1119 825 1178 qui
835 1114 962 1179 populum

152 1190 295 1239 Romanum
310 1200 372 1250 agro
389 1188 419 1238 de
433 1186 552 1233 hostibus
567 1191 642 1246 capto
654 1190 771 1237 auxerat.
787 1239 790 1244 ζ
806 1190 830 1237 4.
849 1188 963 1246 Propte-

152 1269 199 1302 rea
208 1254 351 1315 quaesitum
362 1256 410 1314 est,
419 1267 449 1299 sc
458 1265 529 1301 nunc
539 1253 616 1300 etiam
626 1253 654 1299 in
664 1253 818 1312 quaestione
828 1255 877 1314 est,
884 1267 963 1312 quam

52 1068 60 1078 ¹
153 1057 234 1102 letum
244 1058 283 1102 est
288 1086 297 1112 ,
312 1057 340 1101 et
347 1055 443 1102 multos
453 1054 590 1113 editosque
601 1052 684 1099 colles
694 1053 900 1112 circumplexum
909 1056 960 1100 est.
1024 1049 1025 1088 l

153 1326 186 1370 ob
197 1335 300 1382 causam
311 1335 345 1369 ex
354 1324 453 1379 septem
461 1321 534 1367 urbis
543 1322 685 1380 montibus,
701 1335 757 1367 cum
768 1321 850 1372 ceteri
860 1335 909 1370 sex
918 1321 963 1372 iu·
1025 1347 1026 1352 =

153 1394 194 1437 tra
209 1390 370 1449 pomoerium
386 1390 454 1449 sint,
473 1388 618 1434 Aventinus
634 1388 734 1448 solum,
754 1401 819 1447 quae
833 1401 894 1451 pars
907 1402 963 1436 noo

151 1451 296 1515 longinqua
305 1470 354 1505 nec
364 1456 513 1513 infrequens
526 1457 573 1514 est,
590 1457 665 1501 extra
675 1455 837 1514 pomoerium
848 1456 895 1506 sit:
915 1469 964 1503 ne·

154 1538 203 1582 que
213 1524 240 1570 id
250 1526 307 1571 Ser.
319 1524 423 1570 Tullius
433 1536 490 1582 rex,
503 1536 586 1581 neque
597 1523 684 1580 Sulis,
699 1522 740 1580 qui
751 1522 904 1583 proferendi
913 1525 965 1582 po'-

152 1590 247 1638 moerii
265 1590 371 1650 titulum
389 1590 533 1653 quaesivit,
553 1603 637 1647 neque
656 1593 748 1648 postea
764 1591 848 1638 Divus
867 1590 963 1649 iulius,

153 1673 211 1705 cum
224 1658 387 1717 pomoerium
401 1660 544 1717 proferret,
565 1657 634 1703 intra
647 1657 739 1705 effatos
749 1658 823 1705 urbis
837 1658 901 1704 fines
921 1658 964 1704 in·

153 1724 301 1773 eluserint.¹
324 1728 348 1771 5.
366 1724 452 1782 Huius
467 1724 506 1771 rei
520 1724 636 1780 Messala
651 1725 753 1783 aliquot
769 1736 860 1772 causas
876 1724 964 1772 videri

153 1792 272 1851 scripsit;
292 1791 337 1838 sed
347 1794 451 1856 praeter
461 1805 505 1840 eas
516 1805 607 1838 omues
619 1792 674 1850 ipse
684 1805 762 1839 unam
771 1793 873 1851 probat,
888 1792 965 1849 quod

153 1861 181 1906 in
192 1874 223 1908 eo
234 1861 321 1906 monte
332 1860 424 1915 Remus
439 1859 511 1905 urbis
522 1859 670 1905 condendae
681 1859 766 1919 gratie
775 1857 966 1917 auspicaverit,

152 1920 264 1986 avesque
273 1926 360 1973 irritas
369 1925 504 1982 habuerit,
518 1929 706 1985 superatusque
716 1926 744 1972 in
754 1924 872 1984 auspicio
883 1938 898 1971 a
908 1926 967 1972 Ro-

153 1995 225 2042 mulo
236 1995 283 2042 sit:
304 1998 328 2040 6.
346 1993 458 2053 Idcirco,
468 1992 560 2054 inquit,
572 1998 664 2054 oneres,
675 1996 721 2056 qui
725 1995 887 2054 pomoerium
892 2007 966 2052 pro·

154 2064 279 2123 tulerant,
300 2066 409 2107 montem
421 2064 499 2107 istum
512 2061 695 2121 excluserunt,
714 2063 793 2122 quasi
807 2060 900 2109 avibus
917 2060 967 2106 ob-

152 2132 251 2178 scoenis
263 2129 410 2178 ominosum.
444 2128 470 2172 ⁴i.
489 2126 542 2174 Sed
557 2126 588 2173 de
597 2128 728 2175 Aventino
743 2131 832 2174 moute
843 2130 967 2187 praeter·

152 2196 306 2243 mittendum
318 2207 372 2241 uon
386 2192 489 2253 putavi,
507 2193 578 2252 quod
592 2206 645 2240 nou
658 2194 757 2253 pridem
767 2208 815 2254 ego
825 2194 852 2241 iu
863 2186 968 2258 Elidis,

153 2263 313 2321 grammatici
327 2261 437 2322 veteris,
457 2261 645 2307 commentario
661 2262 772 2308 offendi:
790 2261 818 2307 in
832 2274 884 2319 quo
895 2261 967 2308 scri-

154 2332 225 2387 ptum
234 2331 303 2390 erat,
322 2328 578 2392 Aventinumantes,
598 2328 675 2375 sicuti
685 2328 809 2384 diximus,
828 2331 906 2376 extro
916 2341 968 2389 po-

153 2394 280 2442 moerium
299 2395 450 2452 exclusum,
468 2397 529 2454 post
548 2397 653 2442 auctore
670 2396 738 2442 Divo
759 2395 868 2446 claudio
886 2409 968 2446 rece·

155 2464 234 2521 ptum,
244 2462 271 2508 et
281 2460 350 2508 intra
359 2462 487 2519 pomoerii
497 2463 560 2511 fines
570 2464 742 2511 observatum.
