2067 3034
311 129 382 177 ΗΒ.
399 130 434 178 X.
469 130 549 177 cAP.
569 130 609 176 13.
811 128 863 182 228

49 249 156 297 tionum
167 246 258 295 fallaci
271 246 397 294 illecebra
406 246 575 304 sentiremus,
593 259 645 304 qua
656 246 808 307 plerumque
819 263 862 297 ca·

49 316 162 376 piuutur
176 318 203 361 et
216 314 248 362 ad
262 314 404 373 perniciem
414 315 553 361 elabuntur
563 314 667 373 ingenia
680 316 793 362 maxime
809 318 862 363 sol·

49 385 150 441 lertia3
170 396 252 440 eaque
262 380 434 439 potissimum,
444 394 510 438 quac
521 381 637 429 discendi
647 381 783 440 cupidiora
793 388 861 430 suut.

52 456 77 498 i.
90 451 145 498 Sed
155 450 236 496 redeo
246 449 280 495 ad
287 449 409 495 Plinium.
441 448 582 495 Sinistrum
595 448 685 507 pedem
694 448 732 495 ait
741 449 864 497 clamuc-

53 518 152 566 lconts'r
170 519 241 564 terro
258 530 292 563 ex
306 516 362 574 igni
372 516 500 563 calefacto
510 516 606 563 torreri
616 529 675 562 cum
688 516 781 577 herba,
800 531 865 576 quae

5 609 6 618 ι
52 586 210 644 appellatur
220 584 311 631 eodem
320 582 425 630 nomine
435 584 611 643 chamaeleon,
627 587 653 630 et
663 586 799 642 utrumque
809 599 864 631 ma·

53 652 142 700 cerari
152 654 298 710 unguento,
314 651 456 709 colligique
466 650 608 697 immodum
618 651 732 711 pastilli,
748 655 825 709 atque
836 652 864 698 iu
960 677 963 685 ·

54 733 101 766 ras
111 718 184 766 mitti
193 719 319 776 ligneum,
330 721 433 776 etcum,
449 719 493 776 qui
505 719 532 763 id
543 720 675 778 vastarat,
692 719 792 766 etiamsi
804 721 827 766 is
836 720 864 766 iu

54 786 144 834 medio
156 786 242 844 palam
252 788 379 845 versetur,
389 798 405 831 a
415 786 489 832 nullo
500 786 585 832 videri
596 797 682 844 posse.
706 789 733 832 u.
743 787 791 834 liis
802 801 864 846 por-

27 872 30 878 *
54 853 138 901 tentis
148 857 226 910 atque
235 851 400 912 praestigiis,
420 866 435 899 a
445 853 533 900 Plinio
544 853 663 899 Secundo
673 853 789 918 scriptis,
809 868 862 901 nou

55 921 164 980 dignum
181 934 239 967 asse
258 933 408 978 cognomen.
415 920 559 966 Democriti
577 924 648 978 puto.
682 922 706 966 t.
727 922 777 968 Vel
795 924 864 969 illud

55 988 135 1047 quale
149 990 202 1050 ast,
222 988 296 1046 quod*
305 987 373 1034 idem
382 987 484 1033 Plinius
499 987 528 1033 iu
542 988 642 1033 decimo
652 986 720 1034 libro
731 989 865 1037 Democri-

56 1060 111 1102 tum
121 1054 260 1114 scripsisse
270 1056 418 1102 asseverat?
443 1068 509 1101 aves»
518 1055 640 1113 quasdam
654 1068 711 1102 esse
724 1056 802 1104 certis
818 1070 864 1104 vo-

57 1123 172 1181 cabulis3
192 1125 219 1168 et
229 1136 316 1169 earum
326 1123 412 1169 arium
421 1123 529 1169 contuso
541 1121 667 1181 sanguiue
677 1123 749 1182 gigni
759 1137 865 1182 serpeu-

57 1194 122 1248 tem3
144 1204 203 1236 cum
213 1190 236 1236 si
251 1190 308 1247 quis
320 1189 417 1249 ederit,
436 1190 540 1247 linguas
549 1190 634 1235 avium
644 1191 671 1236 et
681 1191 813 1250 colloquia
823 1191 864 1236 iu-

57 1260 269 1317 terpretaturum.
303 1259 328 1304 8.
345 1257 431 1303 Multa
443 1260 531 1303 autem
545 1257 668 1304 videntur
677 1260 708 1305 ab
717 1258 864 1316 huminibus

57 1326 125 1372 male
146 1324 300 1372 sollertibus
318 1323 498 1370 huiuscemodi
516 1327 661 1372 commenta
679 1324 707 1371 in
721 1325 865 1374 Democriti

57 1392 246 1451 uomendum,
266 1391 412 1438 nobilitatis
432 1392 647 1449 auctoritatisque
667 1392 723 1439 eius
742 1392 863 1453 perfugio

57 1459 204 1508 utentibus.
223 1462 247 1505 9.
259 1459 309 1505 Sed
319 1458 429 1515 id,quod
441 1459 578 1517 Archytam
586 1460 784 1518 Pythagoricum
795 1475 864 1507 com·

58 1532 173 1575 mentum
183 1540 241 1574 esse
251 1529 327 1584 atque
338 1525 431 1572 iecisse
441 1527 567 1582 traditur,
585 1540 668 1585 neque
681 1528 767 1575 minus
782 1528 864 1574 admi-

58 1596 153 1653 rabile,
164 1608 249 1652 neque
260 1596 346 1641 tamen
356 1606 450 1639 vanum
460 1607 541 1652 aeque
553 1593 636 1642 videri
647 1594 728 1641 debet.
763 1597 828 1642 Nam
839 1599 866 1642 et

57 1662 178 1723 plerique
187 1661 314 1708 nobilium
320 1662 485 1721 Graecorum,
492 1664 518 1707 ct
528 1661 674 1708 Favorinus
684 1662 864 1722 philosophus,

57 1729 241 1777 memoriarum
255 1731 372 1775 veterum
385 1729 648 1789 exsequentissimus,
668 1730 865 1777 affirmatissime

58 1798 231 1857 scripserunt,
252 1796 419 1843 simulacrum
433 1796 583 1852 columbae,
601 1797 698 1854 eligno
710 1799 740 1844 ab
751 1797 865 1855 Archyta

57 1864 163 1912 ratione
172 1859 281 1922 quadam
293 1862 642 1922 disciplinaquc'mechauica
653 1865 761 1921 lactum,
776 1864 864 1910 volas-

58 1943 100 1979 se:
119 1932 158 1978 ita
172 1933 229 1979 erat
242 1930 345 1977 scillcet
354 1930 516 1977 libramentis
527 1943 689 1990 suspensum,
702 1934 729 1977 et
739 1944 802 1979 aura
812 1930 865 1989 spi·

59 2001 126 2048 ritus
136 1999 241 2046 inclusa
251 2001 328 2055 atque
337 1999 440 2044 occulta
456 1997 594 2046 concitum
629 1999 669 2044 lu.
687 1999 765 2044 Libet
776 1998 865 2044 hercle

59 2080 138 2125 super
145 2077 176 2114 re
184 2068 237 2113 tam
248 2065 396 2112 abhorrenti
406 2078 422 2111 a
432 2066 507 2120 lide,'
500 2066 583 2124 ipsius
593 2065 720 2112 Favorini
730 2066 808 2111 verba
817 2078 866 2124 po·

59 2147 134 2181 uere:
145 2127 269 2196 Ἀρχύτας
282 2133 447 2213 Ταραντῖνος,
458 2124 628 2197 φιλόσοφος
612 2146 667 2194 αμα
675 2131 718 2179 και
712 2146 866 2210 μηχανικοα

61 2199 108 2257 sir,
128 2199 240 2278 incluse
247 2193 400 2279 περιστερὰν
414 2196 516 2259 ξυλίνην
529 2199 688 2278 πετομένην·
707 2214 763 2261 ητις
779 2198 866 2247 εἴποτε

61 2266 201 2327 sudium,
212 2259 297 2314 ovacra
306 2260 444 2314 ἀνίστατο·
460 2266 537 2332 μέχρι
547 2260 597 2331 γὰρ
608 2261 712 2315 τούτου.

306 2402 493 2455 CAPUT
528 2405 619 2457 xtul.

104 2471 166 2514 Gum
176 2468 292 2527 partim
307 2471 451 2516 huminum
463 2474 610 2530 quassatione
619 2478 703 2517 ueteres
713 2470 823 2516 osaias.

98 2552 122 2596 l.
141 2549 244 2595 Partim
253 2548 380 2595 hominum
391 2556 516 2597 venerunt
526 2551 676 2609 plerumque
686 2548 788 2605 dicitur,
799 2549 865 2606 quod

6 2667 9 2690 ³
62 2616 192 2678 siguificat
202 2630 269 2675 parc
280 2619 405 2664 bominum
419 2621 500 2677 vemt,
520 2617 548 2663 id
563 2621 611 2672 est,
631 2615 866 2677 quidumhumincr.

65 2688 129 2734 Nam
136 2685 240 2744 purtim
253 2684 303 2732 huo
316 2684 344 2730 iu
355 2685 415 2732 loco
429 2685 576 2734 adverbium
588 2689 641 2744 est,
661 2696 744 2741 neque
754 2682 781 2728 iu
792 2693 868 2728 casus
