2067 3034
143 129 198 182 ιιι
392 127 500 181 sons
535 129 699 193 censu

142 252 208 316 qnia
220 249 250 299 iel
260 248 461 313 confecissent,
473 249 526 297 etsi
534 251 648 297 maritae
656 250 813 300 voluissent:
830 253 956 304 indus-is-

141 333 218 382 teque
229 332 285 365 eam
294 319 364 376 dicit,
372 331 448 378 quam
457 316 591 364 dialectici
599 331 731 378 epagoges
740 321 888 381 appellant,
895 336 955 367 rem

142 386 281 435 admodum
289 385 440 432 insidiosam
450 389 478 430 et
486 383 666 443 sophisticam,
686 399 768 446 neque
777 387 956 437 alacritates

76 486 95 508 x
143 456 228 515 magis
237 467 314 514 qaam
324 451 361 499 ad
368 452 503 510 captiones
512 458 658 514 reperiam,
672 466 729 499 cum
739 460 848 502 conatus
857 459 893 502 sil
902 469 955 502 ea·-

142 522 235 581 esnplis
245 519 431 578 decipientibus
439 519 561 578 colligere
575 515 799 581 confirmareque,
814 525 953 578 neminem,

143 592 192 651 qui
199 587 368 650 malefacere
382 586 479 644 voluit,
495 585 579 644 plecti
594 600 703 647 acquam
719 601 789 647 esse,
804 591 868 648 nisi,
883 591 957 650 quod

138 654 245 720 fectum
260 654 354 709 coluit,
376 653 572 712 eiiamfecerit.
610 654 649 697 36.
667 652 754 699 Verba
768 657 854 701 autem
867 669 903 703 ex
920 668 955 702 ea

144 720 265 769 oratione
280 722 317 767 M.
332 719 438 766 Catonis
452 719 515 764 haec
530 721 599 765 sunt:
619 720 673 777 Qui
685 723 813 767 acerrime
823 723 954 770 adversus

141 793 188 837 aas
202 790 277 842 dicit,
295 789 336 833 ila
351 787 426 833 dicit:
443 785 530 833 leoctes
546 783 744 843 coluissefieri.
779 788 815 834 El
833 792 892 850 quis
910 797 952 838 est

144 856 249 903 landem
259 861 423 909 nostrornm,
438 856 482 914 qai
496 856 564 913 quod
576 855 613 899 ad
628 867 682 900 sese
694 857 823 919 attineat,
839 871 952 917 aequum

144 929 257 980 censeat,
273 936 424 982 quemquam
431 934 534 980 poenas
544 921 608 966 dare
619 921 650 966 ab
662 935 718 967 eam
735 936 804 981 rem,
819 925 888 984 qaod
901 939 952 970 ar-

142 998 243 1052 guatur
258 991 429 1051 malefacere
439 984 573 1035 voluisse?
601 988 687 1047 Nemo,
698 993 804 1049 opinor:
821 1005 881 1037 nam
894 1005 951 1052 ego,

144 1059 214 1119 qaod
222 1058 303 1104 adme
314 1062 417 1118 attinet,
428 1056 515 1103 nolim.
542 1056 584 1101 37.
599 1054 699 1102 Deinde
713 1057 792 1115 paulo
807 1057 877 1104 insta
887 1054 949 1123 [ita]

145 1125 222 1172 dicit:
242 1123 309 1183 Quid
317 1120 404 1170 nunc?
426 1129 453 1168 et
463 1136 530 1183 quae
544 1123 647 1168 landem
662 1122 707 1170 lea·
721 1130 759 1171 esi
775 1131 828 1171 tara
839 1127 951 1181 acerba,

142 1207 214 1255 puae
229 1194 314 1239 dieat:
337 1191 432 1251 Siquis
445 1190 512 1236 illud
515 1190 616 1252 facere
626 1190 748 1251 voluerii,
759 1193 829 1238 mille
839 1195 949 1252 memnii,

146 1260 278 1306 dirrmdlum
288 1257 415 1319 familiae
431 1258 527 1303 neulcta
542 1262 612 1303 esic:
630 1257 661 1304 Si
671 1260 727 1319 quis
734 1260 799 1318 plus
809 1263 950 1320 quingenta

144 1327 239 1386 iugera
250 1325 346 1371 habere
355 1326 476 1384 volneris,
489 1329 565 1369 tanta
574 1337 660 1382 poena
671 1331 726 1372 eslo
734 1341 742 1369 :
755 1333 782 1372 et
791 1328 816 1373 si
826 1332 881 1388 quis
891 1342 950 1373 ma·

145 1393 226 1440 iorem
232 1393 358 1452 pecudem
367 1406 497 1438 carnerunt
508 1391 605 1437 habere
614 1392 735 1449 corruerit,
747 1398 848 1440 tantam
859 1396 951 1440 darreni

145 1459 209 1508 este.
233 1457 322 1520 ‚Atqui
331 1473 377 1507 reos
388 1462 473 1505 arania
481 1459 563 1518 plura
576 1458 672 1505 labere
682 1461 814 1517 celsonae,
829 1468 856 1507 et
864 1462 892 1507 id
902 1475 949 1507 no·

90 1571 92 1575 ,
146 1527 186 1574 liis
201 1529 302 1587 impune
311 1534 358 1574 esi.
395 1529 436 1573 38.
459 1528 554 1573 Postea
569 1525 606 1572 ita
621 1525 697 1573 dicit:
722 1528 811 1575 διάει·
827 1529 949 1575 honorem

144 1607 197 1642 aare
211 1609 320 1655 aequitas
335 1602 374 1640 est
390 1593 484 1641 haberi
499 1595 530 1638 ob
547 1607 604 1638 eam
621 1608 684 1653 rem,
699 1597 768 1655 qaod
782 1594 948 1658 benefacere

146 1661 257 1724 aolra'sse
276 1665 334 1722 quis
353 1663 426 1721 dicit,
453 1675 533 1721 neque
546 1661 617 1722 fecii
632 1668 736 1708 lamen:
761 1662 949 1711 Rhodiensibus

145 1731 215 1777 male
230 1731 295 1783 erit,
314 1743 364 1774 non
380 1729 448 1789 quod
461 1730 530 1775 rnale
539 1728 679 1789 fecerant,
702 1729 748 1776 sed
762 1732 824 1790 quia
835 1732 948 1777 coluisse

147 1792 395 1858 &eunsnrfaeerei
430 1798 471 1842 39.
489 1794 537 1842 iiis
551 1795 709 1853 argumentis
721 1797 784 1843 Tiro
796 1798 901 1843 Tullius
910 1799 947 1843 Μ.

147 1863 271 1911 Catonem
289 1863 443 1910 contendere
465 1866 491 1908 et
510 1862 634 1909 conicere
653 1862 729 1923 dicit,
755 1864 948 1911 Rhodiensibus

147 1933 248 1991 qaoque
257 1932 359 1989 impune
371 1943 427 1975 esse
438 1930 613 1986 debere,quod
623 1929 711 1976 hostes
721 1930 821 1988 quidem
832 1945 889 1979 esse
900 1945 947 1990 po-

145 1995 203 2059 puli
218 1997 325 2044 Romani
342 1997 501 2054 voluissent,
526 1999 553 2043 et
570 1996 614 2054 qui
633 1997 812 2045 maximenon
828 2000 946 2045 inissent.

145 2061 187 2110 lo.
205 2063 371 2112 Dissimulari
381 2068 466 2110 autem
475 2078 529 2111 non
536 2076 613 2121 posse
623 2063 675 2124 ait,
694 2065 754 2122 quin
766 2066 839 2124 paria
849 2068 874 2113 et
884 2058 947 2112 conss

146 2125 244 2178 similia
261 2146 315 2178 non
335 2132 399 2188 sint,
419 2132 478 2190 plus
498 2130 637 2189 quingenta
657 2132 748 2190 iugera
760 2133 854 2179 habere
869 2133 946 2195 vellej

147 2198 217 2256 quod
230 2198 366 2257 plebiscito
378 2199 479 2245 colonis
491 2196 647 2255 prohibitum
658 2200 719 2256 fuit,
735 2202 760 2245 et
769 2201 866 2246 bellum
877 2199 946 2246 iniu-

146 2268 215 2311 stum
227 2267 304 2322 atque
320 2265 425 2323 impium
435 2265 532 2323 populo
543 2265 657 2311 Romano
668 2267 753 2313 iacere
764 2267 846 2312 velle:
865 2280 946 2324 nequa

146 2333 209 2378 item
220 2330 325 2378 initiari
335 2345 425 2390 posse,
446 2331 508 2389 quin
517 2331 570 2377 alia
580 2344 657 2377 causa
670 2332 696 2378 in
708 2334 822 2391 praemio
834 2334 880 2390 sit,
894 2333 946 2379 alia

148 2399 176 2444 in
186 2398 286 2455 poenis.
321 2401 361 2444 41.
380 2399 445 2445 Nam
455 2398 699 2476 heneficiapinquin
714 2401 840 2459 promissa
851 2399 948 2460 operiri

148 2466 263 2522 oportet,
279 2478 361 2521 neque
372 2468 431 2511 anie
441 2478 617 2521 remunerans,
633 2480 708 2523 quam
719 2470 787 2514 iacta
798 2469 861 2514 sint:
880 2467 948 2513 iniu-

147 2531 201 2580 rias
217 2532 302 2575 autem
315 2531 477 2577 imminentes
492 2532 654 2590 praecavisse
673 2534 769 2580 iustum
785 2538 825 2580 est
835 2529 947 2596 [magisb

147 2610 224 2656 quam
237 2598 438 2655 exspectavisse.
473 2601 515 2644 42.
538 2599 640 2645 Summa
656 2601 724 2646 enim
739 2604 868 2659 professio
883 2601 948 2646 siul-

148 2665 238 2726 iitiae‚
252 2662 351 2726 inquit,
363 2667 417 2727 est,
433 2678 487 2712 non
500 2665 539 2713 ire
554 2666 657 2714 obviam
671 2669 813 2716 sceleribus
827 2668 949 2727 cogitatis
