2067 3034
305 137 389 189 arn.
406 140 487 190 xlv.
523 144 612 191 cnr.
630 139 663 192 2.'
832 123 899 194 ara

79 274 122 310 rue
132 260 225 310 debere
233 259 462 320 pecuniam-datam
472 262 606 308 consuetis
614 260 709 318 rhodia,
723 263 833 321 expensi
841 265 884 310 ias
901 233 903 236 V

79 329 162 385 tione,
172 327 441 382 manuacrutionibua,
452 328 616 387 chirographi
627 330 798 390 exhibitione,
809 334 885 377 tabu-
900 365 903 374 .

78 396 373 454 iarumvobsipnationa
389 397 494 441 tertium
504 396 715 455 interceaaionep
736 399 761 442 8.
782 411 816 444 ex
829 397 902 455 qui-.

82 465 133 513 bue
143 463 261 510 omuibus
272 463 295 510 ai
305 463 380 509 nulia
390 465 588 521 reprobaretur,
601 463 697 510 dimitti
702 464 757 510 ⁴inru
767 477 795 510 ce
806 477 886 523 opor·

81 533 148 587 tere,
158 532 185 575 et
193 530 369 578 adncraarium
379 531 411 575 de
421 530 549 575 calumnia
559 531 685 577 damnari:
699 532 769 589 quod
777 533 810 577 dc
818 531 887 577 utri·

81 610 164 655 unque
180 599 265 644 autem
280 598 333 644 rita
347 599 423 654 atque
435 597 512 642 iactis
521 598 663 655 diceretur,
683 600 780 645 truttra
791 599 818 646 id
828 598 887 646 beri

82 668 162 720 atquc
175 664 241 724 diei;
256 678 312 714 rear
326 663 395 711 eninr
410 664 441 711 de
451 663 564 723 petenda
576 665 687 724 pecunia
697 667 764 725 apud
773 666 886 713 iudicem

81 731 278 791 priratnmagh
295 746 347 778 non
358 732 425 790 apud
436 746 559 788 cenaorea
569 733 732 782 demorihua.
766 737 791 779 9.
809 736 884 780 Tunc

80 799 120 847 ibi
128 798 206 846 ‚cruci
215 799 275 856 mei,
296 812 359 856 quor
373 812 524 856 rogaveram
534 800 561 845 in
571 800 723 859 consilium,
741 800 793 847 viri
804 814 884 848 exer·
898 849 900 852 ,

82 866 158 913 citati
176 867 252 923 atque
270 865 298 912 in
316 864 471 925 patrociniis
488 870 514 913 et
532 867 558 912 iu
579 866 668 924 operia
686 867 739 915 tori
756 869 881 920 celebrer.

81 946 235 991 semperque
251 945 280 979 re
296 933 504 990 circumundique
521 934 721 980 distrahentibus
740 935 825 981 cauria
835 937 886 982 :rc

81 1000 224 1060 adnantes,
243 1013 297 1048 uon
307 1000 447 1047 cedendum
462 1001 575 1061 diutius,
593 1005 627 1046 'ac
635 1001 702 1047 nibil
712 1014 770 1048 crae
781 1001 887 1051 dubium

82 1067 213 1130 dicebant,
227 1067 291 1125 quin
302 1068 475 1116 abaoivcndua
484 1070 567 1123 foret,
582 1081 655 1125 quem
665 1069 796 1127 accepisse
806 1082 886 1126 pecu-

81 1134 154 1182 niam
163 1134 237 1181 illam
245 1135 320 1181 nulla
329 1136 482 1192 probatione
492 1134 615 1181 aoliemni
624 1136 770 1182 docebatur.
789 1136 885 1183 lii-Sed

83 1201 154 1250 enim
164 1215 212 1260 ego
222 1202 340 1249 hominen
349 1216 409 1252 ¹curn
419 1203 625 1256 considerabam,
639 1202 750 1249 aiterum
760 1202 829 1263 fidei,
845 1205 885 1250 al-

82 1273 167 1316 terum
176 1270 266 1327 probri
275 1271 392 1328 plenum,
410 1270 640 1328 apurciaaimaeque
651 1270 721 1316 vitae
731 1284 761 1316 ac
771 1270 886 1316 defama-

81 1336 210 1396 thermae,
219 1350 380 1395 nequaquam
390 1338 483 1384 adduci
492 1337 566 1395 potui
576 1337 608 1382 ad
618 1338 813 1384 absolvendum.
844 1340 885 1383 11.

81 1402 153 1450 lunai
168 1404 248 1463 igitur
264 1404 332 1451 diem
345 1404 455 1461 diffindi,
473 1407 549 1462 utque
565 1404 624 1449 inde
634 1418 650 1449 a
660 1404 792 1451 eubaehna
803 1418 884 1463 pergo

82 1470 167 1520 iresad
176 1469 333 1518 Favorinum
343 1470 534 1530 philosophum,
544 1485 617 1528 quern
628 1471 656 1516 in
666 1485 698 1516 eo
710 1472 886 1530 temporchoq

81 1551 141 1586 ntae
155 1539 293 1596 plurimum
307 1540 436 1599 notabor,
456 1542 535 1596 atque
548 1537 573 1583 ei
588 1540 618 1585 de
632 1551 709 1584 cauea
718 1552 750 1584 ac
760 1539 791 1585 de
801 1536 886 1584 omui-

82 1605 141 1661 bus,
160 1620 225 1664 quae
244 1606 311 1664 apud
330 1619 372 1651 me
392 1605 460 1653 dicta
478 1606 588 1662 inerant,
608 1605 646 1651 uti
664 1619 706 1652 rea
717 1607 784 1665 crat,
804 1617 884 1652 narro

83 1671 180 1733 omnia,
199 1675 313 1734 nepeta,
332 1675 362 1719 ut
371 1675 397 1724 ct
406 1673 491 1731 ipsun»
498 1672 579 1728 iilud,
599 1672 626 1718 in
636 1686 687 1730 quo
698 1674 840 1729 haerebam,
855 1672 885 1718 et

59 1773 62 1776 v
81 1742 171 1787 cetera
185 1739 276 1797 etiam,
293 1753 358 1798 quaa
372 1740 532 1787 observanda
541 1740 604 1785 mihi
614 1741 700 1786 torent
710 1740 831 1786 inofficio
841 1739 885 1784 iu-

81 1804 157 1864 dicia,
168 1809 265 1860 iaceret
273 1822 322 1866 rue,
333 1809 362 1853 ut
372 1819 460 1854 aarum
468 1821 556 1853 rerunr
565 1820 647 1854 eurem
656 1806 817 1864 prudentior.
841 1807 884 1851 12.

80 1874 316 1933 rauracorum,
332 1872 460 1930 reiigione
474 1874 524 1921 iiia
533 1873 705 1920 cunctationia
715 1877 742 1920 et
750 1872 884 1919 solticitu-

80 1940 152 1989 diuis
162 1944 267 1990 uortrne
278 1941 454 1999 comprobata:
469 1941 498 1986 ld
507 1940 619 1998 quidem,
632 1940 729 1999 inquit,
744 1954 823 1999 anper
830 1952 887 1997 quo*

78 2020 149 2055 nunc
160 2010 296 2065 deliberat,
304 2008 387 2055 videri
396 2010 482 2066 potent
491 2008 577 2067 specie
586 2008 658 2054 tenui
669 2020 798 2066 parvaque
810 2015 887 2062 earet

78 2076 128 2122 aed
140 2077 163 2123 ai
174 2078 205 2123 de
216 2076 286 2123 omui
296 2089 397 2133 quoque
408 2075 492 2122 officio
507 2075 603 2121 iudicio
613 2076 717 2133 praeire
724 2074 773 2120 tibi
781 2087 821 2119 mc
833 2073 886 2132 νίας
899 2109 901 2114 .

77 2155 238 2202 nequaquam
248 2146 288 2189 eat
298 2143 341 2189 uel
350 2143 403 2190 luci
413 2142 497 2198 huus,
507 2142 552 2188 vei
561 2142 698 2201 temporit3
714 2143 754 2187 13.
765 2142 804 2186 cat
814 2139 887 2186 cuitu

79 2209 234 2270 disceptatio
245 2210 295 2256 iota
305 2210 457 2268 multiiugae
467 2212 493 2255 et
502 2208 626 2255 rinaoaae
635 2208 806 2267 quaestionis,
815 2207 884 2253 mul·

77 2283 157 2336 taque
172 2281 199 2325 ct
214 2277 294 2325 anxia
309 2289 371 2324 eura
385 2279 410 2323 et
426 2276 663 2334 circumspicientia
677 2275 804 2334 indigena.
840 2275 882 2320 14.

77 2347 209 2403 Namque,
229 2339 272 2407 (ut
280 2356 362 2402 panea
374 2342 422 2390 tibi
432 2357 500 2392 nrurc
508 2344 696 2400 ,quaertionum
707 2342 792 2400 capita
802 2341 882 2387 attin·

78 2411 163 2477 gom)
178 2413 228 2459 iarn
239 2411 352 2458 omnium
362 2410 470 2468 primum
479 2410 527 2457 hoc
537 2411 569 2456 de
579 2409 673 2456 iudicia
683 2410 768 2456 obicio
777 2407 882 2466 quaeri-

17 2482 25 2493 “
79 2487 138 2527 tur:
159 2482 188 2528 Si
198 2481 279 2529 iudex
290 2480 357 2524 torte
368 2478 395 2528 id
403 2477 482 2535 aciat,
497 2489 575 2536 nuper
583 2491 633 2534 uua
642 2492 671 2524 re
681 2476 748 2536 apud
757 2490 816 2522 eum
824 2475 883 2521 iiti-

74 2551 170 2608 ‘gatur‚
184 2561 265 2605 eaque
275 2558 317 2592 rca
327 2545 373 2592 uni
384 2545 423 2606 ei,
438 2544 586 2603 priusquam
596 2545 638 2604 agi
648 2548 740 2604 eocpta
749 2548 793 2589 aut
803 2543 830 2588 iu
840 2545 882 2588 iu·

80 2616 178 2663 dicium
187 2615 296 2666 deducta
305 2613 348 2669 rit,
367 2626 400 2660 cx
412 2613 466 2659 alio
476 2613 586 2670 quodam
596 2612 701 2672 negotio
712 2624 822 2670 caruque
832 2608 883 2654 ali-

79 2699 134 2747 quo
145 2682 249 2744 cognita
257 2680 371 2746 liquido,
388 2683 415 2729 et
424 2684 554 2741 comperta
564 2681 612 2743 ait;
629 2693 710 2739 neque
720 2680 747 2728 id
757 2682 843 2726 tamen
854 2676 882 2721 iu
