2067 3034
338 148 652 196 araneam.
726 125 728 130 ’
850 148 901 199 131

97 266 261 315 autferocia.
296 268 321 313 8.
339 266 391 313 Sed
403 264 792 327 praeteraliaomnialeouum,
807 266 900 331 iuquit,

96 335 244 381 immanitas
260 332 424 380 admirationi
439 333 503 391 fuit3
527 338 679 391 praeterque
693 346 781 380 omnes
800 339 900 382 ceteros

96 401 182 448 unius.
217 405 241 448 9.
259 402 284 446 Is
297 413 364 446 unus
378 401 421 446 leo
436 399 673 460 corporisimpetu‚
692 403 719 447 et
734 401 900 458 vastitudine,

96 469 260 525 terrificoque
275 467 379 514 fremitu
395 469 420 512 et
432 480 541 524 sonoro,
556 467 621 513 toris
633 466 761 525 comisque
771 467 900 516 cervicum

61 545 65 554 '
95 535 395 594 fluctuantibus‚animos
405 533 545 591 oculosque
557 533 671 579 omnium
683 535 710 580 in
720 547 777 581 sese
789 548 899 582 conver·

94 606 171 650 terat.
209 604 248 647 lo.
267 602 433 647 Introductus
448 603 503 646 erat
516 599 584 647 iuter
599 601 744 659 complures
755 605 855 648 ceteros
866 604 898 649 ad

87 669 207 730 'pugnam
216 668 355 715 bestiarum
365 668 438 713 datus
449 680 539 714 servus
550 666 602 713 viri
613 667 769 714 consularis.
799 668 833 715 Ei
844 684 897 716 scr-

96 750 130 783 vo
143 736 291 782 Androclus
305 748 399 781 nomen
414 732 473 779 fuit.
510 736 549 780 11.
567 735 641 780 llunc
656 734 702 780 ille
718 734 762 781 leo
777 736 821 783 ubi
831 737 899 783 vidit

94 804 197 864 procul,
207 805 324 861 repente,
337 801 431 859 inquit,
442 800 513 860 quasi
525 800 654 848 admirans
666 800 750 848 stetit:
765 816 795 848 ac
806 803 898 851 deinde

95 870 193 916 sensim
206 872 282 926 atquc
297 869 398 929 placide
413 871 533 925 tanquam
547 868 747 914 noscitabundus
765 869 798 915 ad
816 870 899 919 hami-

95 951 155 984 nem
165 937 273 983 accedit.
309 938 349 981 12.
369 937 435 985 Tum
445 935 551 981 caudam
560 949 631 982 more
643 937 719 993 atque
728 934 782 982 ritu
792 936 900 983 adulan-

96 1005 162 1051 tium
172 1017 263 1049 canum
273 1004 413 1050 clementer
423 1004 450 1047 et
459 1002 551 1048 blande
561 1005 657 1057 moret,
670 1001 833 1061 hominisque
844 1018 900 1053 sese

99 1072 204 1130 corpori
219 1071 347 1129 adiungit;
366 1082 489 1127 cruraque
500 1069 556 1115 eius
566 1074 592 1116 et
600 1082 689 1115 manus
703 1083 783 1129 prope
794 1071 844 1116 iam
853 1085 900 1118 ex.

98 1138 207 1186 animati
221 1142 293 1184 metu
308 1138 399 1197 lingua
411 1136 507 1183 leuiter
523 1135 659 1183 demulcet.
696 1138 736 1183 13.
753 1139 837 1185 Homo
847 1141 902 1184 An-

98 1205 203 1253 droclus
214 1206 282 1251 inter
292 1204 340 1250 illa
350 1209 400 1252 tam
410 1204 505 1250 atrocis
516 1205 586 1249 ferae
597 1203 772 1251 blandimenta
781 1206 903 1255 amissum

99 1272 211 1318 animum
223 1274 370 1329 recuperat:
388 1271 563 1331 paulatimque
579 1271 669 1317 oculos
685 1273 717 1318 ad
727 1275 901 1336 contuendum

97 1340 203 1385 leonem
212 1341 303 1386 refert.
339 1341 379 1385 14.
398 1340 476 1397 Tum,
490 1338 563 1394 qnasi
573 1343 661 1384 mutua
670 1340 851 1399 recognitione
861 1342 900 1387 fa·

99 1409 148 1462 cta,
158 1407 251 1469 laetos,
263 1405 356 1467 inquit,
367 1409 393 1452 et
402 1405 606 1465 gratulabundos
617 1404 721 1453 rideres
735 1407 865 1455 hominem
874 1411 901 1455 et

98 1473 214 1520 leonem.
238 1476 278 1521 15.
293 1474 334 1519 Ea
343 1487 371 1519 re
382 1485 488 1531 prorsus
498 1475 550 1517 tam
559 1471 707 1518 admirabili
716 1475 842 1521 maximos
852 1489 900 1533 po-

97 1540 154 1601 puli
170 1541 298 1586 clamores
314 1541 442 1587 excitatos
457 1539 533 1596 dicit,
552 1538 752 1598 arcessitumque
766 1544 900 1589 aCaesare

97 1606 266 1663 Androclum,
276 1608 469 1665 quaesitumque
482 1619 593 1662 causam,
609 1620 654 1653 cur
665 1606 711 1654 ille
723 1609 900 1657 atrocissimus

97 1675 142 1721 lco
154 1674 202 1721 nni
212 1674 344 1733 paruisset.
376 1677 414 1721 lo.
429 1673 468 1719 lbi
478 1672 624 1719 Androclus
635 1688 689 1719 rem
698 1674 828 1722 mirificam
838 1689 898 1722 nar-

96 1745 139 1791 rat
157 1744 233 1799 atque
252 1740 436 1789 admirandam.
474 1742 512 1786 l‘t.
534 1741 597 1786 Cum
614 1740 788 1804 provinciam,
807 1742 900 1801 inquit,

96 1808 212 1857 Africam
227 1808 408 1867 proconsulari
422 1807 531 1866 imperio
545 1821 617 1853 meus
632 1808 749 1854 dominus
760 1810 901 1870 obtineret,

97 1889 147 1935 ego
160 1876 198 1923 ibi
212 1875 308 1934 iniquis
322 1876 377 1922 eius
393 1879 419 1922 et
433 1873 571 1921 cotidianis
590 1875 739 1922 verberibus
759 1877 792 1923 ad
811 1878 899 1935 fugam

94 1955 151 1989 sum
163 1945 276 2003 coactus,
288 1945 323 2004 et,
334 1946 363 1989 ut
372 1943 434 1989 mihi
444 1955 460 1987 a
470 1941 584 2003 domina,
595 1944 679 1989 terrae
689 1943 762 1989 illius
773 1944 900 2002 praeside,

95 2010 209 2056 tutiores
220 2011 334 2071 latebrae
345 2013 442 2068 forent,
458 2008 485 2055 in
497 2023 644 2067 camporum
654 2013 680 2057 et
689 2024 824 2057 arenarum
833 2005 911 2057 soli?

95 2078 204 2124 tudines
220 2078 349 2124 concessi:
369 2091 406 2139 aa,
422 2075 446 2122 si
456 2075 580 2123 defuisset
590 2077 674 2135 cibus,
693 2077 831 2124 consilium
841 2078 901 2138 fuit,

95 2149 208 2192 mortem
217 2145 305 2203 aliquo
316 2147 391 2203 pacto
402 2157 534 2202 quaerere.
571 2146 611 2189 18.
630 2146 709 2204 Tum,
726 2145 791 2205 sule,
806 2145 900 2205 inquit,

96 2212 184 2258 medio
194 2211 287 2271 rapido
297 2214 323 2257 et
332 2212 464 2270 flagrante,
471 2224 574 2268 specum
582 2210 707 2269 quandam
717 2216 806 2257 nactus
816 2226 901 2258 remo·

97 2282 152 2325 tam
161 2278 407 2337 latebrosamque,in
415 2292 470 2324 eam
478 2291 518 2323 mc
526 2280 633 2335 penetro
641 2282 667 2323 et
673 2280 795 2324 recondo.
809 2281 902 2325 19.Ne-

98 2360 150 2406 que
164 2347 245 2392 multo
261 2350 322 2403 post
335 2346 368 2391 sd
381 2346 489 2392 eandem
504 2358 609 2402 specum
619 2345 690 2391 venit
699 2345 741 2391 hic
750 2347 802 2402 leo,
821 2344 902 2392 debili

98 2427 154 2459 uuo
164 2416 191 2458 et
201 2417 309 2459 cruento
320 2412 394 2472 pede,
401 2411 509 2472 gemitus
521 2412 600 2457 edens
611 2415 774 2458 etmunnura
785 2413 903 2459 dolorem

100 2480 294 2537 cruciatumque
308 2480 425 2528 vulneris
436 2479 651 2526 commiserantis.
686 2482 728 2525 2⁰.
748 2481 831 2536 Atque
847 2478 903 2524 illic

98 2547 184 2607 primo
194 2547 297 2605 quidem
306 2550 444 2607 conspectu
454 2545 616 2592 advenientis
626 2546 712 2591 leonis
726 2545 841 2591 territum
853 2543 902 2590 sibi

98 2618 126 2660 et
136 2616 299 2672 pavefactum
308 2615 421 2662 animum
431 2613 507 2662 dixit.
543 2614 585 2659 21.
603 2612 654 2658 Sed
671 2618 805 2670 postquam
817 2611 904 2722 mro-

98 2694 214 2746 gressus,
224 2681 317 2745 inquit,
329 2682 382 2744 leo,
397 2680 438 2729 uti
446 2695 474 2729 re
485 2681 543 2742 ipsa
552 2679 680 2739 apparuit,
694 2679 722 2725 in
731 2679 817 2725 habita
864 2690 903 2721 um
