<?xml version="1.0" encoding="UTF-8"?>
<!DOCTYPE html PUBLIC "-//W3C//DTD XHTML 1.0 Transitional//EN"
    "http://www.w3.org/TR/xhtml1/DTD/xhtml1-transitional.dtd">
<html xmlns="http://www.w3.org/1999/xhtml" xml:lang="en" lang="en">
 <head>
  <title>
</title>
<meta http-equiv="Content-Type" content="text/html;charset=utf-8" />
  <meta name='ocr-system' content='tesseract 3.04.00' />
  <meta name='ocr-capabilities' content='ocr_page ocr_carea ocr_par ocr_line ocrx_word'/>
</head>
<body>
  <div class='ocr_page' id='page_1' title='image "auligelliinocte04gellgoog_0062.png"; bbox 0 0 2067 3034; ppageno 0'>
   <div class='ocr_carea' id='block_1_1' title="bbox 158 101 713 154">
    <p class='ocr_par' dir='ltr' id='par_1_1' title="bbox 158 101 713 154">
     <span class='ocr_line' id='line_1_1' title="bbox 158 101 713 154; baseline -0.007 0"><span class='ocrx_word' id='word_1_1' title='bbox 158 101 192 154; x_wconf 69' lang='grc'><strong>56</strong></span> <span class='ocrx_word' id='word_1_2' title='bbox 410 104 519 150; x_wconf 82' lang='lat' dir='ltr'>AULI</span> <span class='ocrx_word' id='word_1_3' title='bbox 556 103 713 150; x_wconf 81' lang='lat' dir='ltr'>GELLH</span> 
     </span>
    </p>
   </div>
   <div class='ocr_carea' id='block_1_2' title="bbox 154 219 959 618">
    <p class='ocr_par' dir='ltr' id='par_1_2' title="bbox 154 219 959 618">
     <span class='ocr_line' id='line_1_2' title="bbox 156 219 959 274; baseline 0.004 -4"><span class='ocrx_word' id='word_1_4' title='bbox 156 225 184 271; x_wconf 87' lang='lat' dir='ltr'><strong>oi</strong></span> <span class='ocrx_word' id='word_1_5' title='bbox 198 222 274 269; x_wconf 90' lang='lat' dir='ltr'><strong>Plato</strong></span> <span class='ocrx_word' id='word_1_6' title='bbox 288 220 365 268; x_wconf 89' lang='lat' dir='ltr'><strong>illum</strong></span> <span class='ocrx_word' id='word_1_7' title='bbox 378 219 473 267; x_wconf 89' lang='lat' dir='ltr'><strong>librum</strong></span> <span class='ocrx_word' id='word_1_8' title='bbox 484 219 599 265; x_wconf 88' lang='lat' dir='ltr'><strong>divinum</strong></span> <span class='ocrx_word' id='word_1_9' title='bbox 611 221 642 266; x_wconf 87' lang='lat' dir='ltr'><strong>de</strong></span> <span class='ocrx_word' id='word_1_10' title='bbox 652 221 848 270; x_wconf 84' lang='lat' dir='ltr'><strong>immortalitate</strong></span> <span class='ocrx_word' id='word_1_11' title='bbox 859 224 959 274; x_wconf 86' lang='lat' dir='ltr'><strong>animae</strong></span> 
     </span>
     <span class='ocr_line' id='line_1_3' title="bbox 156 288 956 351; baseline 0.006 -16"><span class='ocrx_word' id='word_1_12' title='bbox 156 290 235 337; x_wconf 86' lang='lat' dir='ltr'><strong>dedit.</strong></span> <span class='ocrx_word' id='word_1_13' title='bbox 272 289 296 336; x_wconf 78' lang='lat'><strong>3.</strong></span> <span class='ocrx_word' id='word_1_14' title='bbox 315 291 341 336; x_wconf 81' lang='lat' dir='ltr'><strong>is</strong></span> <span class='ocrx_word' id='word_1_15' title='bbox 355 288 478 333; x_wconf 77' lang='lat' dir='ltr'><strong>Phaedon</strong></span> <span class='ocrx_word' id='word_1_16' title='bbox 493 300 584 333; x_wconf 80' lang='lat' dir='ltr'><strong>servus</strong></span> <span class='ocrx_word' id='word_1_17' title='bbox 600 288 650 334; x_wconf 87' lang='lat' dir='ltr'><strong>fuit</strong></span> <span class='ocrx_word' id='word_1_18' title='bbox 664 290 748 335; x_wconf 76' lang='lat' dir='ltr'><strong>tonna</strong></span> <span class='ocrx_word' id='word_1_19' title='bbox 761 295 837 349; x_wconf 92' lang='lat' dir='ltr'><strong>atque</strong></span> <span class='ocrx_word' id='word_1_20' title='bbox 852 291 956 351; x_wconf 80' lang='lat' dir='ltr'><strong>ingenio</strong></span> 
     </span>
     <span class='ocr_line' id='line_1_4' title="bbox 155 353 958 418; baseline 0.004 -15"><span class='ocrx_word' id='word_1_21' title='bbox 155 356 270 417; x_wconf 86' lang='lat' dir='ltr'><strong>liberali,</strong></span> <span class='ocrx_word' id='word_1_22' title='bbox 281 358 316 414; x_wconf 85' lang='lat' dir='ltr'><strong>et,</strong></span> <span class='ocrx_word' id='word_1_23' title='bbox 325 357 356 401; x_wconf 87' lang='lat' dir='ltr'><strong>ut</strong></span> <span class='ocrx_word' id='word_1_24' title='bbox 365 354 467 412; x_wconf 88' lang='lat' dir='ltr'><strong>quidam</strong></span> <span class='ocrx_word' id='word_1_25' title='bbox 477 353 665 414; x_wconf 60' lang='lat' dir='ltr'><strong>scripseritque</strong></span> <span class='ocrx_word' id='word_1_26' title='bbox 675 356 770 403; x_wconf 88' lang='lat' dir='ltr'><strong>lenone</strong></span> <span class='ocrx_word' id='word_1_27' title='bbox 780 358 885 406; x_wconf 90' lang='lat' dir='ltr'><strong>domino</strong></span> <span class='ocrx_word' id='word_1_28' title='bbox 895 374 958 418; x_wconf 89' lang='lat' dir='ltr'><strong>puer</strong></span> 
     </span>
     <span class='ocr_line' id='line_1_5' title="bbox 156 421 957 473; baseline 0.001 -2"><span class='ocrx_word' id='word_1_29' title='bbox 156 426 189 471; x_wconf 92' lang='lat' dir='ltr'><strong>ad</strong></span> <span class='ocrx_word' id='word_1_30' title='bbox 200 424 350 471; x_wconf 88' lang='lat' dir='ltr'><strong>merendum</strong></span> <span class='ocrx_word' id='word_1_31' title='bbox 363 423 477 467; x_wconf 86' lang='lat' dir='ltr'><strong>coactus.</strong></span> <span class='ocrx_word' id='word_1_32' title='bbox 511 423 537 466; x_wconf 80' lang='lat'><strong>4.</strong></span> <span class='ocrx_word' id='word_1_33' title='bbox 559 421 627 466; x_wconf 89' lang='lat' dir='ltr'><strong>Eum</strong></span> <span class='ocrx_word' id='word_1_34' title='bbox 641 423 721 468; x_wconf 80' lang='lat' dir='ltr'><strong>Cebes</strong></span> <span class='ocrx_word' id='word_1_35' title='bbox 734 425 883 471; x_wconf 83' lang='lat' dir='ltr'><strong>Socraticus</strong></span> <span class='ocrx_word' id='word_1_36' title='bbox 896 426 957 473; x_wconf 88' lang='lat' dir='ltr'><strong>bor·</strong></span> 
     </span>
     <span class='ocr_line' id='line_1_6' title="bbox 154 487 956 551; baseline 0.001 -13"><span class='ocrx_word' id='word_1_37' title='bbox 154 494 227 538; x_wconf 88' lang='lat' dir='ltr'><strong>tante</strong></span> <span class='ocrx_word' id='word_1_38' title='bbox 242 491 348 537; x_wconf 88' lang='lat' dir='ltr'><strong>Socrate</strong></span> <span class='ocrx_word' id='word_1_39' title='bbox 369 487 462 534; x_wconf 79' lang='lat' dir='ltr'><strong>emisse</strong></span> <span class='ocrx_word' id='word_1_40' title='bbox 481 487 590 545; x_wconf 86' lang='lat' dir='ltr'><strong>dicitur,</strong></span> <span class='ocrx_word' id='word_1_41' title='bbox 609 489 778 549; x_wconf 67' lang='lat' dir='ltr'><strong>habuisseque</strong></span> <span class='ocrx_word' id='word_1_42' title='bbox 797 491 825 537; x_wconf 89' lang='lat' dir='ltr'><strong>io</strong></span> <span class='ocrx_word' id='word_1_43' title='bbox 839 492 956 551; x_wconf 88' lang='lat' dir='ltr'><strong>philoso-</strong></span> 
     </span>
     <span class='ocr_line' id='line_1_7' title="bbox 154 554 957 618; baseline 0 -12"><span class='ocrx_word' id='word_1_44' title='bbox 154 560 230 618; x_wconf 88' lang='lat' dir='ltr'><strong>phiae</strong></span> <span class='ocrx_word' id='word_1_45' title='bbox 246 554 402 614; x_wconf 79' lang='lat' dir='ltr'><strong>disciplinis.</strong></span> <span class='ocrx_word' id='word_1_46' title='bbox 438 558 461 600; x_wconf 76' lang='lat' dir='ltr'><strong>b.</strong></span> <span class='ocrx_word' id='word_1_47' title='bbox 480 556 564 612; x_wconf 85' lang='lat' dir='ltr'><strong>Atque</strong></span> <span class='ocrx_word' id='word_1_48' title='bbox 577 555 599 600; x_wconf 84' lang='lat' dir='ltr'><strong>is</strong></span> <span class='ocrx_word' id='word_1_49' title='bbox 610 559 699 613; x_wconf 89' lang='lat' dir='ltr'><strong>postea</strong></span> <span class='ocrx_word' id='word_1_50' title='bbox 709 558 880 617; x_wconf 82' lang='lat' dir='ltr'><strong>philosophus</strong></span> <span class='ocrx_word' id='word_1_51' title='bbox 891 560 957 606; x_wconf 87' lang='lat' dir='ltr'><strong>illu-</strong></span> 
     </span>
    </p>
   </div>
   <div class='ocr_carea' id='block_1_3' title="bbox 152 622 957 885">
    <p class='ocr_par' dir='ltr' id='par_1_3' title="bbox 152 622 957 885">
     <span class='ocr_line' id='line_1_8' title="bbox 154 622 957 681; baseline 0 -8"><span class='ocrx_word' id='word_1_52' title='bbox 154 627 215 673; x_wconf 89' lang='lat' dir='ltr'><strong>stris</strong></span> <span class='ocrx_word' id='word_1_53' title='bbox 232 624 294 681; x_wconf 78' lang='lat' dir='ltr'><strong>fuit,</strong></span> <span class='ocrx_word' id='word_1_54' title='bbox 317 635 499 680; x_wconf 70' lang='lat' dir='ltr'><strong>sermonesque</strong></span> <span class='ocrx_word' id='word_1_55' title='bbox 518 622 573 667; x_wconf 76' lang='lat' dir='ltr'><strong>eiua</strong></span> <span class='ocrx_word' id='word_1_56' title='bbox 588 623 619 668; x_wconf 87' lang='lat' dir='ltr'><strong>de</strong></span> <span class='ocrx_word' id='word_1_57' title='bbox 630 624 738 670; x_wconf 85' lang='lat' dir='ltr'><strong>Socrate</strong></span> <span class='ocrx_word' id='word_1_58' title='bbox 752 625 888 672; x_wconf 77' lang='lat' dir='ltr'><strong>admodum</strong></span> <span class='ocrx_word' id='word_1_59' title='bbox 902 628 957 673; x_wconf 87' lang='lat' dir='ltr'><strong>ele-</strong></span> 
     </span>
     <span class='ocr_line' id='line_1_9' title="bbox 153 688 955 752; baseline 0.004 -14"><span class='ocrx_word' id='word_1_60' title='bbox 153 696 244 752; x_wconf 81' lang='lat' dir='ltr'><strong>gantes</strong></span> <span class='ocrx_word' id='word_1_61' title='bbox 257 691 387 749; x_wconf 77' lang='lat' dir='ltr'><strong>leguntur.</strong></span> <span class='ocrx_word' id='word_1_62' title='bbox 422 692 447 734; x_wconf 85' lang='grc'><strong>6.</strong></span> <span class='ocrx_word' id='word_1_63' title='bbox 465 688 521 734; x_wconf 85' lang='lat' dir='ltr'><strong>Alii</strong></span> <span class='ocrx_word' id='word_1_64' title='bbox 534 703 635 748; x_wconf 87' lang='lat' dir='ltr'><strong>quoque</strong></span> <span class='ocrx_word' id='word_1_65' title='bbox 649 704 703 736; x_wconf 93' lang='lat' dir='ltr'><strong>non</strong></span> <span class='ocrx_word' id='word_1_66' title='bbox 718 693 794 749; x_wconf 89' lang='lat' dir='ltr'><strong>pauci</strong></span> <span class='ocrx_word' id='word_1_67' title='bbox 810 694 879 740; x_wconf 86' lang='lat' dir='ltr'><strong>servi</strong></span> <span class='ocrx_word' id='word_1_68' title='bbox 898 695 955 741; x_wconf 79' lang='lat' dir='ltr'><strong>tue-</strong></span> 
     </span>
     <span class='ocr_line' id='line_1_10' title="bbox 152 756 955 818; baseline 0.001 -12"><span class='ocrx_word' id='word_1_69' title='bbox 152 763 224 815; x_wconf 85' lang='lat' dir='ltr'><strong>runt,</strong></span> <span class='ocrx_word' id='word_1_70' title='bbox 244 759 287 815; x_wconf 92' lang='lat' dir='ltr'><strong>qui</strong></span> <span class='ocrx_word' id='word_1_71' title='bbox 297 759 357 815; x_wconf 85' lang='lat' dir='ltr'><strong>post</strong></span> <span class='ocrx_word' id='word_1_72' title='bbox 365 756 516 815; x_wconf 73' lang='lat' dir='ltr'><strong>philosophi</strong></span> <span class='ocrx_word' id='word_1_73' title='bbox 527 757 592 802; x_wconf 91' lang='lat' dir='ltr'><strong>clari</strong></span> <span class='ocrx_word' id='word_1_74' title='bbox 602 758 767 805; x_wconf 84' lang='lat' dir='ltr'><strong>exstiterunt.</strong></span> <span class='ocrx_word' id='word_1_75' title='bbox 802 762 826 805; x_wconf 74' lang='lat' dir='ltr'><strong>t.</strong></span> <span class='ocrx_word' id='word_1_76' title='bbox 846 761 888 807; x_wconf 87' lang='lat' dir='ltr'><strong>Ex</strong></span> <span class='ocrx_word' id='word_1_77' title='bbox 898 761 955 818; x_wconf 88' lang='lat' dir='ltr'><strong>qui-</strong></span> 
     </span>
     <span class='ocr_line' id='line_1_11' title="bbox 152 823 953 885; baseline 0.001 -12"><span class='ocrx_word' id='word_1_78' title='bbox 152 830 199 874; x_wconf 85' lang='lat' dir='ltr'><strong>bus</strong></span> <span class='ocrx_word' id='word_1_79' title='bbox 214 826 261 872; x_wconf 88' lang='lat' dir='ltr'><strong>ille</strong></span> <span class='ocrx_word' id='word_1_80' title='bbox 271 824 408 883; x_wconf 81' lang='lat' dir='ltr'><strong>Menippus</strong></span> <span class='ocrx_word' id='word_1_81' title='bbox 424 823 486 881; x_wconf 78' lang='lat' dir='ltr'><strong>ruit,</strong></span> <span class='ocrx_word' id='word_1_82' title='bbox 505 824 579 869; x_wconf 90' lang='lat' dir='ltr'><strong>cuius</strong></span> <span class='ocrx_word' id='word_1_83' title='bbox 591 824 673 871; x_wconf 88' lang='lat' dir='ltr'><strong>libros</strong></span> <span class='ocrx_word' id='word_1_84' title='bbox 683 827 719 871; x_wconf 88' lang='lat' dir='ltr'><strong>M.</strong></span> <span class='ocrx_word' id='word_1_85' title='bbox 729 827 813 873; x_wconf 85' lang='lat' dir='ltr'><strong>Varro</strong></span> <span class='ocrx_word' id='word_1_86' title='bbox 824 826 953 885; x_wconf 78' lang='lat' dir='ltr'><strong>inSatyris</strong></span> 
     </span>
    </p>
   </div>
   <div class='ocr_carea' id='block_1_4' title="bbox 82 888 953 954">
    <p class='ocr_par' dir='ltr' id='par_1_4' title="bbox 82 888 953 954">
     <span class='ocr_line' id='line_1_12' title="bbox 82 888 953 954; baseline -0.011 -13"><span class='ocrx_word' id='word_1_87' title='bbox 82 888 85 891; x_wconf 62' lang='grc'>’</span> <span class='ocrx_word' id='word_1_88' title='bbox 151 894 295 940; x_wconf 86' lang='lat' dir='ltr'><strong>aemulatus</strong></span> <span class='ocrx_word' id='word_1_89' title='bbox 310 895 361 938; x_wconf 89' lang='lat' dir='ltr'><strong>est:</strong></span> <span class='ocrx_word' id='word_1_90' title='bbox 381 905 444 949; x_wconf 83' lang='lat' dir='ltr'><strong>quaa</strong></span> <span class='ocrx_word' id='word_1_91' title='bbox 459 890 507 936; x_wconf 85' lang='lat' dir='ltr'><strong>alii</strong></span> <span class='ocrx_word' id='word_1_92' title='bbox 517 892 641 949; x_wconf 79' lang='lat' dir='ltr'><strong>Cynicas,</strong></span> <span class='ocrx_word' id='word_1_93' title='bbox 658 893 714 950; x_wconf 78' lang='lat' dir='ltr'><strong>ipse</strong></span> <span class='ocrx_word' id='word_1_94' title='bbox 724 895 840 951; x_wconf 75' lang='lat' dir='ltr'><strong>appellat</strong></span> <span class='ocrx_word' id='word_1_95' title='bbox 851 895 953 954; x_wconf 73' lang='lat' dir='ltr'><strong>Menip.</strong></span> 
     </span>
    </p>
   </div>
   <div class='ocr_carea' id='block_1_5' title="bbox 140 958 959 1963">
    <p class='ocr_par' dir='ltr' id='par_1_5' title="bbox 140 958 959 1963">
     <span class='ocr_line' id='line_1_13' title="bbox 150 958 954 1019; baseline -0.001 -10"><span class='ocrx_word' id='word_1_96' title='bbox 150 974 221 1019; x_wconf 86' lang='lat' dir='ltr'><strong>peas.</strong></span> <span class='ocrx_word' id='word_1_97' title='bbox 274 963 297 1005; x_wconf 90' lang='lat'><strong>8.</strong></span> <span class='ocrx_word' id='word_1_98' title='bbox 316 959 368 1005; x_wconf 87' lang='lat' dir='ltr'><strong>Sed</strong></span> <span class='ocrx_word' id='word_1_99' title='bbox 378 961 404 1005; x_wconf 91' lang='lat' dir='ltr'><strong>et</strong></span> <span class='ocrx_word' id='word_1_100' title='bbox 414 958 587 1015; x_wconf 77' lang='lat' dir='ltr'><strong>Theophrasti</strong></span> <span class='ocrx_word' id='word_1_101' title='bbox 598 959 764 1018; x_wconf 77' lang='lat' dir='ltr'><strong>Peripatetici</strong></span> <span class='ocrx_word' id='word_1_102' title='bbox 777 974 868 1007; x_wconf 82' lang='lat' dir='ltr'><strong>servus</strong></span> <span class='ocrx_word' id='word_1_103' title='bbox 878 963 954 1008; x_wconf 91' lang='lat' dir='ltr'><strong>Pom-</strong></span> 
     </span>
     <span class='ocr_line' id='line_1_14' title="bbox 150 1024 955 1086; baseline 0.002 -13"><span class='ocrx_word' id='word_1_104' title='bbox 150 1029 234 1086; x_wconf 82' lang='lat' dir='ltr'><strong>pylus,</strong></span> <span class='ocrx_word' id='word_1_105' title='bbox 246 1029 274 1073; x_wconf 87' lang='lat' dir='ltr'><strong>et</strong></span> <span class='ocrx_word' id='word_1_106' title='bbox 283 1026 399 1073; x_wconf 81' lang='lat' dir='ltr'><strong>Zenonis</strong></span> <span class='ocrx_word' id='word_1_107' title='bbox 410 1024 493 1071; x_wconf 86' lang='lat' dir='ltr'><strong>Stoici</strong></span> <span class='ocrx_word' id='word_1_108' title='bbox 504 1037 603 1081; x_wconf 84' lang='lat' dir='ltr'><strong>servus,</strong></span> <span class='ocrx_word' id='word_1_109' title='bbox 615 1026 658 1084; x_wconf 93' lang='lat' dir='ltr'><strong>qui</strong></span> <span class='ocrx_word' id='word_1_110' title='bbox 668 1027 777 1073; x_wconf 82' lang='lat' dir='ltr'><strong>Perseus</strong></span> <span class='ocrx_word' id='word_1_111' title='bbox 787 1032 896 1075; x_wconf 87' lang='lat' dir='ltr'><strong>vocatus</strong></span> <span class='ocrx_word' id='word_1_112' title='bbox 906 1032 955 1086; x_wconf 89' lang='lat' dir='ltr'><strong>est,</strong></span> 
     </span>
     <span class='ocr_line' id='line_1_15' title="bbox 151 1093 954 1153; baseline 0.001 -12"><span class='ocrx_word' id='word_1_113' title='bbox 151 1098 177 1141; x_wconf 86' lang='lat' dir='ltr'><strong>et</strong></span> <span class='ocrx_word' id='word_1_114' title='bbox 186 1093 306 1153; x_wconf 85' lang='lat' dir='ltr'><strong>Epicuri,</strong></span> <span class='ocrx_word' id='word_1_115' title='bbox 326 1094 368 1139; x_wconf 91' lang='lat' dir='ltr'><strong>cui</strong></span> <span class='ocrx_word' id='word_1_116' title='bbox 378 1105 471 1139; x_wconf 89' lang='lat' dir='ltr'><strong>nomen</strong></span> <span class='ocrx_word' id='word_1_117' title='bbox 480 1093 538 1150; x_wconf 82' lang='lat' dir='ltr'><strong>Mys</strong></span> <span class='ocrx_word' id='word_1_118' title='bbox 550 1093 613 1151; x_wconf 82' lang='lat' dir='ltr'><strong>fuit,</strong></span> <span class='ocrx_word' id='word_1_119' title='bbox 632 1093 781 1153; x_wconf 89' lang='lat' dir='ltr'><strong>philosophi</strong></span> <span class='ocrx_word' id='word_1_120' title='bbox 791 1109 844 1142; x_wconf 93' lang='lat' dir='ltr'><strong>non</strong></span> <span class='ocrx_word' id='word_1_121' title='bbox 855 1096 954 1142; x_wconf 86' lang='lat' dir='ltr'><strong>incele-</strong></span> 
     </span>
     <span class='ocr_line' id='line_1_16' title="bbox 151 1159 955 1220; baseline 0.001 -11"><span class='ocrx_word' id='word_1_122' title='bbox 151 1164 210 1209; x_wconf 90' lang='lat' dir='ltr'><strong>bres</strong></span> <span class='ocrx_word' id='word_1_123' title='bbox 221 1161 352 1208; x_wconf 82' lang='lat' dir='ltr'><strong>vixerunt.</strong></span> <span class='ocrx_word' id='word_1_124' title='bbox 392 1164 416 1205; x_wconf 89' lang='lat'><strong>9.</strong></span> <span class='ocrx_word' id='word_1_125' title='bbox 435 1159 569 1218; x_wconf 77' lang='lat' dir='ltr'><strong>Diogenes</strong></span> <span class='ocrx_word' id='word_1_126' title='bbox 584 1161 663 1206; x_wconf 88' lang='lat' dir='ltr'><strong>etiam</strong></span> <span class='ocrx_word' id='word_1_127' title='bbox 679 1163 789 1220; x_wconf 73' lang='lat' dir='ltr'><strong>Cynicus</strong></span> <span class='ocrx_word' id='word_1_128' title='bbox 803 1163 955 1209; x_wconf 89' lang='lat' dir='ltr'><strong>servitutem</strong></span> 
     </span>
     <span class='ocr_line' id='line_1_17' title="bbox 151 1226 954 1276; baseline 0.001 -1"><span class='ocrx_word' id='word_1_129' title='bbox 151 1228 272 1276; x_wconf 85' lang='lat' dir='ltr'><strong>servivit:</strong></span> <span class='ocrx_word' id='word_1_130' title='bbox 291 1227 337 1273; x_wconf 85' lang='lat' dir='ltr'><strong>sed</strong></span> <span class='ocrx_word' id='word_1_131' title='bbox 352 1227 374 1273; x_wconf 78' lang='lat' dir='ltr'><strong>ia</strong></span> <span class='ocrx_word' id='word_1_132' title='bbox 388 1241 423 1274; x_wconf 87' lang='lat' dir='ltr'><strong>ex</strong></span> <span class='ocrx_word' id='word_1_133' title='bbox 436 1226 557 1273; x_wconf 87' lang='lat' dir='ltr'><strong>libertate</strong></span> <span class='ocrx_word' id='word_1_134' title='bbox 571 1227 599 1272; x_wconf 90' lang='lat' dir='ltr'><strong>in</strong></span> <span class='ocrx_word' id='word_1_135' title='bbox 613 1228 765 1275; x_wconf 89' lang='lat' dir='ltr'><strong>servitutem</strong></span> <span class='ocrx_word' id='word_1_136' title='bbox 775 1242 867 1276; x_wconf 89' lang='lat' dir='ltr'><strong>venum</strong></span> <span class='ocrx_word' id='word_1_137' title='bbox 876 1231 954 1276; x_wconf 87' lang='lat' dir='ltr'><strong>ierat:</strong></span> 
     </span>
     <span class='ocr_line' id='line_1_18' title="bbox 151 1293 955 1356; baseline 0.001 -14"><span class='ocrx_word' id='word_1_138' title='bbox 151 1310 225 1354; x_wconf 88' lang='lat' dir='ltr'><strong>quem</strong></span> <span class='ocrx_word' id='word_1_139' title='bbox 240 1309 296 1341; x_wconf 88' lang='lat' dir='ltr'><strong>cum</strong></span> <span class='ocrx_word' id='word_1_140' title='bbox 309 1308 394 1341; x_wconf 89' lang='lat' dir='ltr'><strong>emere</strong></span> <span class='ocrx_word' id='word_1_141' title='bbox 408 1294 491 1340; x_wconf 88' lang='lat' dir='ltr'><strong>vellet</strong></span> <span class='ocrx_word' id='word_1_142' title='bbox 499 1293 630 1340; x_wconf 86' lang='lat' dir='ltr'><strong>Xeniades</strong></span> <span class='ocrx_word' id='word_1_143' title='bbox 641 1295 798 1355; x_wconf 81' lang='lat' dir='ltr'><strong>Corinthius,</strong></span> <span class='ocrx_word' id='word_1_144' title='bbox 810 1299 843 1351; x_wconf 82' lang='lat' dir='ltr'><strong>et,</strong></span> <span class='ocrx_word' id='word_1_145' title='bbox 860 1297 922 1356; x_wconf 91' lang='lat' dir='ltr'><strong>quid</strong></span> <span class='ocrx_word' id='word_1_146' title='bbox 933 1298 955 1342; x_wconf 90' lang='lat' dir='ltr'><strong>is</strong></span> 
     </span>
     <span class='ocr_line' id='line_1_19' title="bbox 151 1362 955 1426; baseline -0.001 -15"><span class='ocrx_word' id='word_1_147' title='bbox 151 1362 395 1419; x_wconf 79' lang='lat' dir='ltr'><strong>artiboiinovisset,</strong></span> <span class='ocrx_word' id='word_1_148' title='bbox 415 1363 595 1419; x_wconf 81' lang='lat' dir='ltr'><strong>percontatus:</strong></span> <span class='ocrx_word' id='word_1_149' title='bbox 623 1363 707 1420; x_wconf 86' lang='lat' dir='ltr'><strong>Novi,</strong></span> <span class='ocrx_word' id='word_1_150' title='bbox 722 1362 807 1420; x_wconf 91' lang='lat' dir='ltr'><strong>inquit</strong></span> <span class='ocrx_word' id='word_1_151' title='bbox 815 1364 955 1426; x_wconf 80' lang='lat' dir='ltr'><strong>Diogenes,</strong></span> 
     </span>
     <span class='ocr_line' id='line_1_20' title="bbox 150 1428 956 1490; baseline 0 -12"><span class='ocrx_word' id='word_1_152' title='bbox 150 1429 299 1478; x_wconf 81' lang='lat' dir='ltr'><strong>hominihus</strong></span> <span class='ocrx_word' id='word_1_153' title='bbox 318 1428 408 1475; x_wconf 88' lang='lat' dir='ltr'><strong>liberis</strong></span> <span class='ocrx_word' id='word_1_154' title='bbox 426 1429 563 1487; x_wconf 89' lang='lat' dir='ltr'><strong>imperare.</strong></span> <span class='ocrx_word' id='word_1_155' title='bbox 605 1430 644 1474; x_wconf 87' lang='lat' dir='ltr'><strong>lo.</strong></span> <span class='ocrx_word' id='word_1_156' title='bbox 665 1430 730 1475; x_wconf 87' lang='lat' dir='ltr'><strong>Tum</strong></span> <span class='ocrx_word' id='word_1_157' title='bbox 747 1430 891 1490; x_wconf 85' lang='lat' dir='ltr'><strong>Xeniades,</strong></span> <span class='ocrx_word' id='word_1_158' title='bbox 913 1445 956 1478; x_wconf 91' lang='lat' dir='ltr'><strong>re-</strong></span> 
     </span>
     <span class='ocr_line' id='line_1_21' title="bbox 152 1496 955 1558; baseline 0.002 -14"><span class='ocrx_word' id='word_1_159' title='bbox 152 1510 275 1556; x_wconf 87' lang='lat' dir='ltr'><strong>sponsum</strong></span> <span class='ocrx_word' id='word_1_160' title='bbox 285 1496 341 1542; x_wconf 89' lang='lat' dir='ltr'><strong>eins</strong></span> <span class='ocrx_word' id='word_1_161' title='bbox 351 1496 503 1554; x_wconf 86' lang='lat' dir='ltr'><strong>demiratus,</strong></span> <span class='ocrx_word' id='word_1_162' title='bbox 520 1496 583 1541; x_wconf 87' lang='lat' dir='ltr'><strong>emit</strong></span> <span class='ocrx_word' id='word_1_163' title='bbox 596 1498 623 1542; x_wconf 89' lang='lat' dir='ltr'><strong>et</strong></span> <span class='ocrx_word' id='word_1_164' title='bbox 631 1510 708 1542; x_wconf 88' lang='lat' dir='ltr'><strong>manu</strong></span> <span class='ocrx_word' id='word_1_165' title='bbox 718 1497 815 1556; x_wconf 81' lang='lat' dir='ltr'><strong>emisit3</strong></span> <span class='ocrx_word' id='word_1_166' title='bbox 836 1499 955 1558; x_wconf 80' lang='lat' dir='ltr'><strong>filiosque</strong></span> 
     </span>
     <span class='ocr_line' id='line_1_22' title="bbox 151 1563 957 1624; baseline 0.001 -13"><span class='ocrx_word' id='word_1_167' title='bbox 151 1578 212 1611; x_wconf 90' lang='lat' dir='ltr'><strong>suos</strong></span> <span class='ocrx_word' id='word_1_168' title='bbox 223 1564 247 1610; x_wconf 89' lang='lat' dir='ltr'><strong>ei</strong></span> <span class='ocrx_word' id='word_1_169' title='bbox 257 1563 373 1609; x_wconf 87' lang='lat' dir='ltr'><strong>tradens:</strong></span> <span class='ocrx_word' id='word_1_170' title='bbox 393 1563 497 1621; x_wconf 82' lang='lat' dir='ltr'><strong>Accipe,</strong></span> <span class='ocrx_word' id='word_1_171' title='bbox 508 1563 601 1621; x_wconf 86' lang='lat' dir='ltr'><strong>inquit,</strong></span> <span class='ocrx_word' id='word_1_172' title='bbox 613 1563 710 1609; x_wconf 91' lang='lat' dir='ltr'><strong>liberos</strong></span> <span class='ocrx_word' id='word_1_173' title='bbox 720 1566 897 1624; x_wconf 89' lang='lat' dir='ltr'><strong>meos,quibus</strong></span> <span class='ocrx_word' id='word_1_174' title='bbox 909 1566 957 1612; x_wconf 92' lang='lat' dir='ltr'><strong>im-</strong></span> 
     </span>
     <span class='ocr_line' id='line_1_23' title="bbox 151 1630 957 1693; baseline 0.001 -15"><span class='ocrx_word' id='word_1_175' title='bbox 151 1644 234 1691; x_wconf 78' lang='lat' dir='ltr'><strong>peres.</strong></span> <span class='ocrx_word' id='word_1_176' title='bbox 269 1632 308 1677; x_wconf 88' lang='lat' dir='ltr'><strong>De</strong></span> <span class='ocrx_word' id='word_1_177' title='bbox 323 1631 444 1688; x_wconf 83' lang='lat' dir='ltr'><strong>Epicteto</strong></span> <span class='ocrx_word' id='word_1_178' title='bbox 460 1632 545 1676; x_wconf 88' lang='lat' dir='ltr'><strong>autem</strong></span> <span class='ocrx_word' id='word_1_179' title='bbox 559 1630 715 1688; x_wconf 83' lang='lat' dir='ltr'><strong>philosopho</strong></span> <span class='ocrx_word' id='word_1_180' title='bbox 729 1632 827 1693; x_wconf 88' lang='lat' dir='ltr'><strong>nobili,</strong></span> <span class='ocrx_word' id='word_1_181' title='bbox 849 1634 919 1690; x_wconf 83' lang='lat' dir='ltr'><strong>quod</strong></span> <span class='ocrx_word' id='word_1_182' title='bbox 934 1634 957 1679; x_wconf 81' lang='lat' dir='ltr'><strong>is</strong></span> 
     </span>
     <span class='ocr_line' id='line_1_24' title="bbox 140 1697 956 1758; baseline 0.002 -13"><span class='ocrx_word' id='word_1_183' title='bbox 140 1728 142 1733; x_wconf 68' lang='lat'>›</span> <span class='ocrx_word' id='word_1_184' title='bbox 151 1712 252 1757; x_wconf 87' lang='lat' dir='ltr'><strong>quoque</strong></span> <span class='ocrx_word' id='word_1_185' title='bbox 262 1709 351 1744; x_wconf 73' lang='lat' dir='ltr'><strong>servus</strong></span> <span class='ocrx_word' id='word_1_186' title='bbox 362 1698 421 1756; x_wconf 83' lang='lat' dir='ltr'><strong>fuit,</strong></span> <span class='ocrx_word' id='word_1_187' title='bbox 435 1697 565 1744; x_wconf 89' lang='lat' dir='ltr'><strong>recentior</strong></span> <span class='ocrx_word' id='word_1_188' title='bbox 575 1699 753 1758; x_wconf 87' lang='lat' dir='ltr'><strong>estmemoria,</strong></span> <span class='ocrx_word' id='word_1_189' title='bbox 769 1713 843 1756; x_wconf 88' lang='lat' dir='ltr'><strong>quam</strong></span> <span class='ocrx_word' id='word_1_190' title='bbox 853 1705 882 1745; x_wconf 92' lang='lat' dir='ltr'><strong>ut</strong></span> <span class='ocrx_word' id='word_1_191' title='bbox 892 1701 956 1747; x_wconf 84' lang='lat' dir='ltr'><strong>scri-</strong></span> 
     </span>
     <span class='ocr_line' id='line_1_25' title="bbox 150 1762 957 1824; baseline 0.001 -11"><span class='ocrx_word' id='word_1_192' title='bbox 150 1767 177 1813; x_wconf 90' lang='lat' dir='ltr'><strong>bi</strong></span> <span class='ocrx_word' id='word_1_193' title='bbox 188 1765 262 1824; x_wconf 89' lang='lat' dir='ltr'><strong>quasi</strong></span> <span class='ocrx_word' id='word_1_194' title='bbox 269 1762 437 1810; x_wconf 63' lang='lat' dir='ltr'><strong>”ohliteratum</strong></span> <span class='ocrx_word' id='word_1_195' title='bbox 448 1764 573 1810; x_wconf 88' lang='lat' dir='ltr'><strong>debuerit.</strong></span> <span class='ocrx_word' id='word_1_196' title='bbox 598 1765 663 1810; x_wconf 82' lang='lat' dir='ltr'><strong>Eius</strong></span> <span class='ocrx_word' id='word_1_197' title='bbox 673 1765 787 1823; x_wconf 79' lang='lat' dir='ltr'><strong>Epicteti</strong></span> <span class='ocrx_word' id='word_1_198' title='bbox 797 1767 875 1812; x_wconf 88' lang='lat' dir='ltr'><strong>etiam</strong></span> <span class='ocrx_word' id='word_1_199' title='bbox 884 1762 917 1813; x_wconf 82' lang='lat' dir='ltr'><strong>de</strong></span> <span class='ocrx_word' id='word_1_200' title='bbox 928 1782 957 1815; x_wconf 86' lang='lat' dir='ltr'><strong>se</strong></span> 
     </span>
     <span class='ocr_line' id='line_1_26' title="bbox 151 1831 959 1891; baseline 0.001 -12"><span class='ocrx_word' id='word_1_201' title='bbox 151 1832 242 1891; x_wconf 83' lang='lat' dir='ltr'><strong>scripti</strong></span> <span class='ocrx_word' id='word_1_202' title='bbox 256 1832 306 1878; x_wconf 91' lang='lat' dir='ltr'><strong>duo</strong></span> <span class='ocrx_word' id='word_1_203' title='bbox 321 1844 412 1877; x_wconf 89' lang='lat' dir='ltr'><strong>versus</strong></span> <span class='ocrx_word' id='word_1_204' title='bbox 428 1833 561 1877; x_wconf 75' lang='lat' dir='ltr'><strong>fanantur:</strong></span> <span class='ocrx_word' id='word_1_205' title='bbox 581 1845 615 1878; x_wconf 86' lang='lat' dir='ltr'><strong>ex</strong></span> <span class='ocrx_word' id='word_1_206' title='bbox 630 1831 722 1889; x_wconf 91' lang='lat' dir='ltr'><strong>quibus</strong></span> <span class='ocrx_word' id='word_1_207' title='bbox 732 1834 845 1880; x_wconf 88' lang='lat' dir='ltr'><strong>latenter</strong></span> <span class='ocrx_word' id='word_1_208' title='bbox 855 1834 959 1881; x_wconf 86' lang='lat' dir='ltr'><strong>intelli-</strong></span> 
     </span>
     <span class='ocr_line' id='line_1_27' title="bbox 151 1897 958 1963; baseline 0.004 -17"><span class='ocrx_word' id='word_1_209' title='bbox 151 1913 209 1963; x_wconf 80' lang='lat' dir='ltr'><strong>gas,</strong></span> <span class='ocrx_word' id='word_1_210' title='bbox 229 1912 281 1945; x_wconf 90' lang='lat' dir='ltr'><strong>non</strong></span> <span class='ocrx_word' id='word_1_211' title='bbox 293 1911 380 1945; x_wconf 87' lang='lat' dir='ltr'><strong>omnes</strong></span> <span class='ocrx_word' id='word_1_212' title='bbox 391 1897 545 1944; x_wconf 88' lang='lat' dir='ltr'><strong>omnimodis</strong></span> <span class='ocrx_word' id='word_1_213' title='bbox 556 1898 606 1943; x_wconf 85' lang='lat' dir='ltr'><strong>diis</strong></span> <span class='ocrx_word' id='word_1_214' title='bbox 617 1912 713 1945; x_wconf 81' lang='lat' dir='ltr'><strong>exosos</strong></span> <span class='ocrx_word' id='word_1_215' title='bbox 723 1913 792 1961; x_wconf 85' lang='lat' dir='ltr'><strong>esse,</strong></span> <span class='ocrx_word' id='word_1_216' title='bbox 812 1901 856 1959; x_wconf 89' lang='lat' dir='ltr'><strong>qui</strong></span> <span class='ocrx_word' id='word_1_217' title='bbox 870 1901 899 1947; x_wconf 92' lang='lat' dir='ltr'><strong>in</strong></span> <span class='ocrx_word' id='word_1_218' title='bbox 908 1902 958 1949; x_wconf 87' lang='lat' dir='ltr'><strong>bac</strong></span> 
     </span>
    </p>
   </div>
   <div class='ocr_carea' id='block_1_6' title="bbox 151 1962 1028 2025">
    <p class='ocr_par' dir='ltr' id='par_1_6' title="bbox 151 1962 1028 2025">
     <span class='ocr_line' id='line_1_28' title="bbox 151 1962 1028 2025; baseline 0.003 -12"><span class='ocrx_word' id='word_1_219' title='bbox 151 1968 207 2014; x_wconf 89' lang='lat' dir='ltr'><strong>vita</strong></span> <span class='ocrx_word' id='word_1_220' title='bbox 221 1980 278 2013; x_wconf 91' lang='lat' dir='ltr'><strong>cum</strong></span> <span class='ocrx_word' id='word_1_221' title='bbox 292 1979 471 2012; x_wconf 88' lang='lat' dir='ltr'><strong>aerumnarum</strong></span> <span class='ocrx_word' id='word_1_222' title='bbox 486 1965 612 2011; x_wconf 86' lang='lat' dir='ltr'><strong>varietate</strong></span> <span class='ocrx_word' id='word_1_223' title='bbox 626 1966 769 2025; x_wconf 64' lang='lat' dir='ltr'><strong>luctantum</strong></span> <span class='ocrx_word' id='word_1_224' title='bbox 791 1968 836 2014; x_wconf 79' lang='lat' dir='ltr'><strong>sed</strong></span> <span class='ocrx_word' id='word_1_225' title='bbox 847 1982 904 2015; x_wconf 90' lang='lat' dir='ltr'><strong>esse</strong></span> <span class='ocrx_word' id='word_1_226' title='bbox 914 1983 959 2016; x_wconf 83' lang='lat' dir='ltr'><strong>ar·</strong></span> <span class='ocrx_word' id='word_1_227' title='bbox 1027 1962 1028 1981; x_wconf 63' lang='lat'>¹</span> 
     </span>
    </p>
   </div>
   <div class='ocr_carea' id='block_1_7' title="bbox 150 2033 959 2299">
    <p class='ocr_par' dir='ltr' id='par_1_7' title="bbox 150 2033 959 2299">
     <span class='ocr_line' id='line_1_29' title="bbox 151 2033 959 2093; baseline 0.005 -13"><span class='ocrx_word' id='word_1_228' title='bbox 151 2047 228 2080; x_wconf 84' lang='lat' dir='ltr'><strong>canas</strong></span> <span class='ocrx_word' id='word_1_229' title='bbox 248 2046 350 2093; x_wconf 86' lang='lat' dir='ltr'><strong>causas,</strong></span> <span class='ocrx_word' id='word_1_230' title='bbox 370 2033 475 2091; x_wconf 78' lang='lat' dir='ltr'><strong>adquae</strong></span> <span class='ocrx_word' id='word_1_231' title='bbox 493 2046 635 2090; x_wconf 90' lang='lat' dir='ltr'><strong>paucorum</strong></span> <span class='ocrx_word' id='word_1_232' title='bbox 654 2035 740 2093; x_wconf 88' lang='lat' dir='ltr'><strong>potuit</strong></span> <span class='ocrx_word' id='word_1_233' title='bbox 757 2036 893 2093; x_wconf 87' lang='lat' dir='ltr'><strong>pervenire</strong></span> <span class='ocrx_word' id='word_1_234' title='bbox 912 2049 959 2084; x_wconf 81' lang='lat' dir='ltr'><strong>eu-</strong></span> 
     </span>
     <span class='ocr_line' id='line_1_30' title="bbox 166 2101 275 2145; baseline 0 0"><span class='ocrx_word' id='word_1_235' title='bbox 166 2101 172 2113; x_wconf 85' lang='grc'><em>’</em></span> <span class='ocrx_word' id='word_1_236' title='bbox 209 2101 229 2145; x_wconf 80' lang='lat' dir='ltr'><strong>‘t</strong></span> <span class='ocrx_word' id='word_1_237' title='bbox 268 2113 275 2145; x_wconf 73' lang='grc' dir='ltr'><strong><em>ε</em></strong></span> 
     </span>
     <span class='ocr_line' id='line_1_31' title="bbox 150 2113 839 2234; baseline 0.003 -21"><span class='ocrx_word' id='word_1_238' title='bbox 150 2113 283 2219; x_wconf 50' lang='lat' dir='ltr'><strong>rlybiafoc</strong></span> <span class='ocrx_word' id='word_1_239' title='bbox 289 2160 443 2226; x_wconf 77' lang='grc' dir='ltr'><strong><em>Ἐπίκτητος</em></strong></span> <span class='ocrx_word' id='word_1_240' title='bbox 454 2161 574 2231; x_wconf 76' lang='grc' dir='ltr'><strong>γενόμην,</strong></span> <span class='ocrx_word' id='word_1_241' title='bbox 586 2165 628 2213; x_wconf 79' lang='grc' dir='ltr'><strong>καὶ</strong></span> <span class='ocrx_word' id='word_1_242' title='bbox 638 2160 738 2229; x_wconf 69' lang='grc' dir='ltr'><strong>σώματι</strong></span> <span class='ocrx_word' id='word_1_243' title='bbox 749 2163 839 2234; x_wconf 76' lang='grc' dir='ltr'><strong><em>πηρός,</em></strong></span> 
     </span>
     <span class='ocr_line' id='line_1_32' title="bbox 217 2227 757 2299; baseline 0.006 -18"><span class='ocrx_word' id='word_1_244' title='bbox 217 2230 274 2281; x_wconf 69' lang='grc' dir='ltr'><strong>Καὶ</strong></span> <span class='ocrx_word' id='word_1_245' title='bbox 283 2227 453 2299; x_wconf 80' lang='grc' dir='ltr'><strong><em>πενίηνἸρος,</em></strong></span> <span class='ocrx_word' id='word_1_246' title='bbox 464 2232 507 2280; x_wconf 80' lang='grc' dir='ltr'><strong>καὶ</strong></span> <span class='ocrx_word' id='word_1_247' title='bbox 516 2233 592 2298; x_wconf 79' lang='grc' dir='ltr'><strong><em>φίλος</em></strong></span> <span class='ocrx_word' id='word_1_248' title='bbox 601 2228 757 2290; x_wconf 75' lang='grc' dir='ltr'><strong>ἀθανάτοις.</strong></span> 
     </span>
    </p>
   </div>
   <div class='ocr_carea' id='block_1_8' title="bbox 399 2363 709 2416">
    <p class='ocr_par' dir='ltr' id='par_1_8' title="bbox 399 2363 709 2416">
     <span class='ocr_line' id='line_1_33' title="bbox 399 2363 709 2416; baseline 0.006 -2"><span class='ocrx_word' id='word_1_249' title='bbox 399 2363 588 2416; x_wconf 79' lang='lat' dir='ltr'><strong>CAPUT</strong></span> <span class='ocrx_word' id='word_1_250' title='bbox 623 2365 709 2416; x_wconf 85' lang='lat' dir='ltr'>XIX.</span> 
     </span>
    </p>
   </div>
   <div class='ocr_carea' id='block_1_9' title="bbox 178 2442 959 2556">
    <p class='ocr_par' dir='ltr' id='par_1_9' title="bbox 178 2442 959 2556">
     <span class='ocr_line' id='line_1_34' title="bbox 178 2442 959 2510; baseline 0.008 -22"><span class='ocrx_word' id='word_1_251' title='bbox 178 2442 271 2489; x_wconf 79' lang='lat' dir='ltr'><strong>Rescire</strong></span> <span class='ocrx_word' id='word_1_252' title='bbox 284 2445 375 2490; x_wconf 78' lang='lat' dir='ltr'><strong>verbam</strong></span> <span class='ocrx_word' id='word_1_253' title='bbox 392 2448 450 2504; x_wconf 78' lang='lat' dir='ltr'><strong>quid</strong></span> <span class='ocrx_word' id='word_1_254' title='bbox 462 2447 501 2499; x_wconf 82' lang='lat' dir='ltr'><strong>sit,</strong></span> <span class='ocrx_word' id='word_1_255' title='bbox 518 2455 541 2493; x_wconf 83' lang='lat' dir='ltr'><strong>et</strong></span> <span class='ocrx_word' id='word_1_256' title='bbox 557 2462 624 2506; x_wconf 80' lang='lat' dir='ltr'><strong>quam</strong></span> <span class='ocrx_word' id='word_1_257' title='bbox 638 2447 813 2493; x_wconf 79' lang='lat' dir='ltr'><strong>babeatveram</strong></span> <span class='ocrx_word' id='word_1_258' title='bbox 822 2456 891 2507; x_wconf 81' lang='lat' dir='ltr'><strong>atqua</strong></span> <span class='ocrx_word' id='word_1_259' title='bbox 897 2463 959 2510; x_wconf 80' lang='lat' dir='ltr'><strong>pra·</strong></span> 
     </span>
     <span class='ocr_line' id='line_1_35' title="bbox 201 2500 496 2556; baseline 0.014 -14"><span class='ocrx_word' id='word_1_260' title='bbox 201 2500 281 2556; x_wconf 78' lang='lat' dir='ltr'><strong>priam</strong></span> <span class='ocrx_word' id='word_1_261' title='bbox 290 2500 496 2556; x_wconf 74' lang='lat' dir='ltr'><strong>significativum.</strong></span> 
     </span>
    </p>
   </div>
   <div class='ocr_carea' id='block_1_10' title="bbox 149 2577 961 2707">
    <p class='ocr_par' dir='ltr' id='par_1_10' title="bbox 149 2577 961 2707">
     <span class='ocr_line' id='line_1_36' title="bbox 183 2577 960 2642; baseline 0.009 -18"><span class='ocrx_word' id='word_1_262' title='bbox 183 2577 208 2624; x_wconf 90' lang='lat'><strong>1.</strong></span> <span class='ocrx_word' id='word_1_263' title='bbox 231 2578 343 2624; x_wconf 84' lang='lat' dir='ltr'><strong>Verbum</strong></span> <span class='ocrx_word' id='word_1_264' title='bbox 362 2581 461 2624; x_wconf 75' lang='lat' dir='ltr'><strong>rescire</strong></span> <span class='ocrx_word' id='word_1_265' title='bbox 484 2580 678 2625; x_wconf 82' lang='lat' dir='ltr'><strong>observavimus</strong></span> <span class='ocrx_word' id='word_1_266' title='bbox 700 2581 753 2627; x_wconf 91' lang='lat' dir='ltr'><strong>vim</strong></span> <span class='ocrx_word' id='word_1_267' title='bbox 777 2580 871 2629; x_wconf 88' lang='lat' dir='ltr'><strong>hahere</strong></span> <span class='ocrx_word' id='word_1_268' title='bbox 895 2596 960 2642; x_wconf 89' lang='lat' dir='ltr'><strong>pro·</strong></span> 
     </span>
     <span class='ocr_line' id='line_1_37' title="bbox 149 2645 961 2707; baseline 0.01 -16"><span class='ocrx_word' id='word_1_269' title='bbox 149 2645 231 2704; x_wconf 91' lang='lat' dir='ltr'><strong>priam</strong></span> <span class='ocrx_word' id='word_1_270' title='bbox 246 2645 373 2704; x_wconf 88' lang='lat' dir='ltr'><strong>quandam</strong></span> <span class='ocrx_word' id='word_1_271' title='bbox 380 2676 389 2703; x_wconf 90' lang='lat'><em>,</em></span> <span class='ocrx_word' id='word_1_272' title='bbox 406 2659 459 2692; x_wconf 91' lang='lat' dir='ltr'><strong>non</strong></span> <span class='ocrx_word' id='word_1_273' title='bbox 472 2659 507 2694; x_wconf 79' lang='lat' dir='ltr'><strong>ex</strong></span> <span class='ocrx_word' id='word_1_274' title='bbox 518 2647 645 2693; x_wconf 88' lang='lat' dir='ltr'><strong>communi</strong></span> <span class='ocrx_word' id='word_1_275' title='bbox 656 2647 845 2707; x_wconf 77' lang='lat' dir='ltr'><strong>significatione</strong></span> <span class='ocrx_word' id='word_1_276' title='bbox 856 2652 961 2699; x_wconf 86' lang='lat' dir='ltr'><strong>cetero-</strong></span> 
     </span>
    </p>
   </div>
   <div class='ocr_carea' id='block_1_11' title="bbox 0 0 1038 3034">
    <p class='ocr_par' dir='ltr' id='par_1_11' title="bbox 0 0 1038 3034">
     <span class='ocr_line' id='line_1_38' title="bbox 0 0 1038 3034; baseline 0 1"><span class='ocrx_word' id='word_1_277' title='bbox 0 0 1038 3034; x_wconf 95' lang='lat' dir='ltr'><strong> </strong></span> 
     </span>
    </p>
   </div>
  </div>
 </body>
</html>
