2067 3034
157 136 215 192 1ῧο
393 137 526 185 -tunt
555 135 713 186 ndulsit

163 256 299 317 doctrinit,
309 254 386 317 quati
395 254 424 302 in
433 254 592 315 praestigiis,
602 254 733 313 mirificus,
747 257 970 315 communiumque

164 339 258 373 vocum
267 336 391 384 respuent
401 322 479 370 nimia
489 325 515 370 et
526 324 670 377 faetidiene,
680 325 787 378 barbare
800 338 859 372 eum
870 325 970 374 dixitne

158 393 287 452 'opinatur
304 392 356 450 cet,
378 390 500 451 quoniam
510 390 654 450 producere
665 389 809 447 debuitaet,
822 406 876 440 non
887 394 972 440 corri-

157 467 236 521 pere.
271 452 380 508 d.'Nam
389 458 546 520 quieecitita
555 460 678 517 oportere
688 457 741 506 dici
751 460 923 519 praedicarit,
943 464 973 508 ut

157 528 283 589 calescit,
298 527 410 588 nitescit,
425 528 558 586 etupeecit,
568 528 644 583 atque
655 524 895 574 aliahuiuaccmodi
904 528 974 574 mul·

164 600 199 642 tu.
235 598 260 650 t,
279 594 307 640 ld
321 593 399 640 etiam
412 593 535 653 addebat,
551 593 620 651 quod
634 595 720 655 quiet,
736 595 903 656 eproducta,
918 609 973 642 non

165 662 240 712 brevi
251 662 389 708 diceretur.
425 661 449 707 δέ
468 662 565 708 Noster
578 663 676 720 autem,
695 674 745 720 qua
755 664 795 708 eat
805 661 918 709 omnium
928 675 974 708 rc·

156 727 379 781 'tumuerecunda
388 727 581 783 mediocritate,
595 742 628 775 ue
639 726 661 774 ri
671 728 742 775 Aelii
751 730 862 791 quidem,
878 728 974 792 Cincii,
1004 780 1007 784 ἵ

167 802 194 844 et
204 799 313 844 Santrae
327 794 465 842 dicendum
478 794 516 842 ita
527 796 703 855 cenauiaaent,
722 798 903 846 obaecutnrum
912 810 973 843 cecc

166 865 247 913 iuiauc
258 863 296 909 ait
306 864 396 909 contra
406 864 556 921 perpetuam
564 862 673 909 Latinae
687 862 792 922 linguae
803 864 973 911 consuctudi-

165 946 236 991 nem3
255 943 340 988 neque
355 941 383 975 ae
396 930 449 976 tam
465 929 590 988 insignite
600 929 765 991 locuturum,
785 932 884 978 abeona
894 931 973 977 inau-

167 999 270 1056 ditaque
280 999 308 1043 ut
318 996 429 1043 diceret:
446 998 470 1041 6.
478 996 570 1043 literae
580 999 667 1043 autem
676 1010 754 1056 anper
762 998 809 1045 hac
818 1011 847 1045 re
858 997 921 1044 fecit
930 997 973 1044 in·

166 1071 207 1113 ter
224 1063 353 1112 exercitia
367 1063 492 1121 quaedam
505 1063 620 1110 ludicra:
639 1070 667 1109 et
679 1067 782 1126 quiesco
797 1077 852 1111 non
861 1078 919 1111 caue
929 1063 974 1112 hie

158 1133 265 1194 ornile,
281 1144 346 1189 quae
361 1130 536 1191 supraposui,
550 1144 598 1178 nec
608 1145 623 1178 a
632 1134 717 1192 quiete
727 1131 830 1194 dictum,
840 1131 885 1178 aed
895 1134 927 1179 ab
938 1145 972 1179 eo

166 1202 275 1262 quietem
280 1213 293 1259 ,·
310 1200 475 1255 Graecaeque
485 1197 559 1245 vocis
569 1195 643 1257 ἔσχον
652 1195 777 1244 euticion
786 1198 875 1245 ionice
886 1212 902 1245 a
912 1211 973 1245 ver-

155 1270 198 1314 'bo
210 1266 272 1325 ἴσχω
284 1265 345 1325 ἴσχω
357 1266 384 1312 et
393 1266 495 1331 modum
505 1268 532 1312 et
545 1264 673 1324 originem
682 1266 788 1313 verbum
801 1265 867 1312 illud
877 1266 973 1313 habere

91 1371 95 1386 ,
166 1332 365 1381 domonstravit:
385 1331 583 1392 rationibueque
596 1332 664 1379 haud
679 1347 741 1379 eane
755 1332 858 1394 trigidio
872 1332 972 1391 docuit,

165 1404 277 1466 quiesco,
287 1415 302 1448 c
311 1399 391 1448 litere
400 1399 489 1460 longa,
500 1400 553 1447 dici
562 1413 616 1447 non
626 1399 765 1448 convenire

414 1522 599 1575 CAPUT
634 1519 719 1575 XVI

189 1605 313 1658 Nototrtm,
324 1605 415 1650 tertron
425 1610 533 1665 deprecor
543 1622 559 1649 a
564 1609 640 1663 poe‘ta
651 1605 762 1650 Camllo'
752 1604 862 1650 rmoitate
871 1607 969 1675 quidun,

220 1665 262 1707 ted
275 1666 330 1718 apte
340 1664 444 1718 positum
457 1670 481 1706 et
491 1664 600 1731 proprie:
620 1665 687 1720 deque
694 1662 787 1706 rotiooe
796 1662 841 1709 eim
850 1664 919 1714 vett,
930 1679 970 1709 οι·

221 1718 612 1778 mrplitquevetmmecriptonon.

198 1797 222 1843 1.
240 1796 379 1843 Eiuamodi
392 1796 532 1858 quitpiam,
549 1810 594 1854 qur
584 1796 780 1845 tumultuariis
790 1798 817 1845 ct
826 1796 972 1847 inconditi·

162 1863 270 1924 linguae
283 1864 519 1911 exercitationibus
534 1865 566 1913 ad
579 1865 674 1912 famam
688 1879 716 1912 ae
726 1865 862 1912 facundiae
873 1865 971 1924 permi-

163 1935 248 1993 tcrat,
261 1945 346 1990 neque
358 1931 485 1978 orationis
493 1932 604 1978 Latinae
617 1933 801 1990 usurpationes
814 1945 889 1980 verae
900 1932 972 1980 didi·

164 2001 245 2060 cerat,
256 2013 310 2046 cum
323 1999 351 2045 ἰιι
360 1999 443 2059 Lycio
455 2001 523 2046 forte
533 2012 642 2058 vespera
651 2000 850 2060 ambularemut,
860 2000 923 2047 ludo
932 2001 972 2049 ibi

163 2066 240 2113 nobie
251 2069 278 2113 et
287 2065 417 2125 voluptati
428 2066 488 2113 tuit.
523 2068 548 2112 2.
566 2066 632 2113 Nam
647 2080 704 2113 cum
720 2070 789 2115 earet
801 2069 909 2115 verbnm
923 2073 971 2115 de·

159 2146 258 2193 precor
268 2133 431 2181 doctiunculc
447 2131 560 2192 potitum
574 2133 603 2180 in
613 2133 710 2181 Catulli
721 2134 848 2198 carmine,
867 2135 929 2194 quia
942 2135 971 2183 id

164 2198 313 2258 ignorabat,
332 2199 518 2259 frigidieeimoe
538 2214 630 2249 vereor
647 2216 705 2249 erae
719 2201 832 2260 dicebat,
852 2202 971 2252 omnium

163 2266 267 2325 quidem
277 2281 335 2315 meo
345 2267 443 2314 iudicio
453 2269 661 2330 vennatiaaimoa,
671 2282 737 2329 quoa
747 2268 902 2328 nubecripai:

196 2333 293 2382 Lectio
301 2336 338 2382 ort
346 2337 410 2380 dicit
417 2348 519 2395 temper
528 2336 664 2395 mole,oec
673 2343 866 2398 tucetunquunt

230 2400 272 2447 De
280 2414 334 2448 mec
353 2401 447 2448 Lectio
456 2417 496 2449 me
506 2404 652 2464 dispeream
662 2406 715 2452 niti
722 2411 804 2451 auat.

198 2468 254 2525 Quo
265 2464 355 2528 cigno?
390 2469 477 2526 Quart
483 2485 534 2519 aon
545 2474 650 2519 totidem
659 2486 721 2520 mor
729 2473 854 2533 deprecer
863 2471 907 2519 iiii

229 2532 352 2581 Atridae:
370 2549 459 2582 verare
469 2538 618 2597 dispereant
627 2543 680 2588 aiei
688 2555 755 2588 anto

162 2601 188 2647 3
205 2602 342 2659 Deprecor
357 2600 427 2648 hoc
419 2616 447 2649 ιιι
458 2604 517 2651 loco
528 2606 661 2655 virbonus
672 2609 709 2655 ita
720 2608 815 2655 dictum
826 2620 883 2654 cate
891 2610 968 2666 puta·

161 2669 214 2723 bat,
228 2670 258 2716 ut
266 2666 417 2729 plerumque
426 2683 442 2719 a
451 2672 532 2734 vulgo
542 2672 650 2739 dicitur,
667 2676 737 2737 quod
746 2675 875 2737 tignitcat
887 2675 968 2724 valde
