2067 3034
173 158 225 209 4⁰⁰
425 157 533 204 AULI
568 156 728 203 GELLll

174 281 277 337 demus,
292 277 321 325 in
331 276 461 324 adulterio
474 274 662 334 deprehensum
674 276 704 321 ab
715 274 802 321 Annio
811 275 928 334 Milone,
943 277 983 323 lo·

171 349 210 397 ris
221 349 286 394 bene
297 359 400 393 caesum
410 344 487 405 dicit,
502 347 529 389 et
540 357 598 390 cum
607 343 720 392 dedisset
729 342 883 403 pecuniam,
898 343 984 392 diruis-

173 430 240 464 sum.

425 504 448 553 C
465 503 489 552 Α
505 501 528 552 Ρ
546 502 571 552 U
588 503 614 552 T
650 500 738 553 xllt

206 572 266 624 tirrici
277 569 398 636 Epictetus
408 569 563 636 philosophae
576 572 649 636 dictae
662 570 744 636 solitus
756 571 790 614 sit
802 567 936 637 donidius
948 585 984 615 sse-

232 626 871 742 ttt't‘2twoltttl'ttltlt‘ttttzttt't
882 634 986 727 itit,

231 753 307 782 rerum
316 738 384 793 longe
392 738 503 781 salubria.

211 819 235 865 1.
254 815 411 864 Favorinum
423 828 471 872 ego
483 813 572 861 audivi
582 813 683 873 dicere,
703 815 854 874 Epictetum
867 814 986 874 philoso-

176 887 253 946 phum
264 883 378 938 dixisse,
397 882 537 940 plerosque
547 881 626 940 istos,
646 883 691 939 qui
702 882 886 941 philosophari
899 883 986 930 videu—

175 959 231 1012 tur,
251 949 423 1021 philosophos
443 962 501 995 esse
516 946 698 996 huiuscemodi
713 943 773 995 ἄνευ
790 948 839 994 τοῦ
854 946 986 1010 πράττειν,

175 1019 252 1085 μέχρι
260 1016 306 1064 τοῦ
317 1016 412 1077 ts‘yrss:
440 1016 468 1061 id
478 1015 621 1075 significat,
638 1017 715 1063 factis
726 1016 833 1075 procul,
850 1018 942 1064 uerbis
953 1022 986 1065 te·

110 1095 115 1104 ¹
176 1101 236 1135 uus.
272 1089 297 1134 2.
316 1087 370 1131 lam
379 1083 447 1129 illud
458 1087 497 1130 est
511 1083 706 1142 vehementius,
725 1083 795 1141 quod
804 1084 939 1131 Arrianus
950 1098 987 1131 so·

175 1147 253 1203 litum
267 1167 325 1200 eum
340 1151 459 1196 dictitare
473 1150 602 1209 inlibris,
621 1165 685 1209 quos
697 1151 736 1197 De
750 1150 987 1198 Dissertatiouilius

176 1222 235 1270 eius
245 1217 399 1278 composuit,
411 1217 535 1275 scriptum
545 1218 661 1276 reliquit.
696 1222 721 1264 3.
739 1219 806 1264 Nam
816 1232 886 1272 cum,
897 1218 987 1278 inquit,

176 1286 395 1338 animadverterat
405 1283 545 1341 hominem,
556 1286 655 1343 pudere
665 1285 770 1340 arsisso,
785 1285 941 1344 importuna
950 1287 986 1331 in·

178 1355 291 1412 witrio,
311 1350 578 1412 comminatoribus,
597 1353 733 1413 audacem,
752 1354 988 1404 confidentemlin·

177 1437 242 1483 gua,
263 1424 399 1477 ceteraque
413 1420 501 1465 omnia
516 1422 696 1477 praeterquam
709 1420 824 1466 animum
842 1434 987 1479 procursu·

178 1497 244 1549 tem,
263 1486 425 1544 istiusmodi,
445 1486 543 1544 inquit,
563 1485 693 1533 hominem
708 1501 766 1533 cusu
781 1488 886 1535 viderat
903 1489 987 1536 studia

178 1569 280 1616 quoque
294 1558 321 1601 et
332 1554 483 1611 disciplinas
494 1554 677 1612 philosophiae
687 1557 867 1609 contrectare,
888 1559 919 1602 et
928 1556 988 1615 phy·

178 1625 234 1671 sice
246 1622 332 1679 adire,
353 1623 380 1666 et
393 1620 513 1667 meditari
531 1621 684 1676 dialectice,
703 1622 836 1679 multoque
856 1623 885 1668 id
908 1635 987 1681 genus

179 1691 341 1737 theoremata
360 1687 489 1745 suspicari
508 1688 702 1747 sciscitarique,
730 1688 891 1736 inclamabat
914 1690 989 1736 dedra

179 1761 258 1817 stque
268 1754 399 1802 hominum
409 1755 496 1810 fidem,
518 1769 549 1802 ac
566 1754 718 1813 plerumque
736 1756 806 1802 ister
823 1757 989 1804 clessandun

177 1826 220 1874 his
241 1836 302 1870 eum
325 1822 412 1870 uerbis
436 1822 599 1883 increpabat:
622 1818 772 1886 Ἄνθρωπε,
791 1822 842 1869 ποῦ
862 1820 988 1886 ,esiliam

179 1891 281 1954 σκέψαι.
297 1887 320 1936 si
336 1881 497 1951 κεκάθαρται
513 1884 544 1935 τὸ
560 1882 675 1951 ἀγγεῖον·
697 1884 786 1954 ἂνγᾶρ
800 1888 835 1942 εἰς
845 1887 895 1951 τὴν
903 1893 988 1952 οἴησιν

178 1953 245 2007 αὐτὰ
254 1951 359 2021 potine,
374 1949 505 2003 ἀπώλετο·
523 1952 550 2016 ἢ,
565 1951 598 2017 ἢν
609 1955 684 2020 σαπῇ,
700 1948 778 2019 οὖρον
788 1954 806 2013 ἢ
815 1953 876 2009 ὅξος
885 1960 988 2020 γένοιτο

176 2025 217 2087 sir,
226 2020 243 2087 ἤ
253 2041 279 2072 τι
288 2019 389 2070 τούτων
396 2026 493 2086 χεῖρον,
528 2028 553 2070 t.
564 2025 638 2071 Nihil
649 2026 768 2083 profecto
779 2024 820 2071 his
829 2027 922 2073 verbis
932 2039 989 2085 gra

177 2096 250 2151 vius,
268 2092 337 2140 nihil
347 2091 434 2138 verius
442 2103 453 2140 z,
467 2091 560 2148 quihus
571 2092 720 2138 declarabat
728 2093 858 2139 maximus
868 2094 991 2153 pbiloso-

178 2162 300 2223 phorum,
319 2159 411 2205 literas
426 2160 501 2216 atque
516 2159 650 2207 doctrinas
664 2159 862 2220 philosophiae,
883 2175 947 2208 eum
963 2160 990 2206 iu

176 2229 309 2277 homiuem
319 2226 414 2272 falsum
423 2228 500 2282 atque
509 2226 673 2286 degenerem,
683 2229 804 2283 tanquam
814 2227 842 2274 iu
853 2241 903 2277 ves
915 2241 991 2289 spur-

178 2311 237 2344 cum
246 2298 324 2354 atque
335 2292 473 2352 pollutum,
484 2293 660 2352 induxissent,
667 2294 741 2354 uerti,
751 2295 857 2352 mutari,
868 2310 991 2343 corrum-

178 2362 216 2424 pi,
226 2363 262 2421 et,
272 2361 341 2418 quod
350 2359 407 2418 ipse
418 2354 584 2423 κυνικώτερον
594 2361 639 2419 ait,
649 2361 750 2407 urinam
759 2361 824 2419 deri,
834 2369 879 2409 cut
890 2363 916 2409 si
927 2362 991 2421 quid

181 2430 222 2474 est
239 2427 317 2475 urina
332 2425 459 2485 spurcius.
495 2431 519 2474 5.
542 2428 681 2475 Praeterea
695 2428 762 2475 idem
776 2429 824 2475 ille
839 2430 992 2488 Epictetus,

181 2493 252 2552 quod
266 2506 301 2539 ex
315 2493 405 2539 eodem
419 2492 552 2540 Favorino
563 2496 715 2554 audiuimus,
737 2496 830 2542 solitus
841 2496 932 2543 dicere
943 2501 992 2557 est,

181 2560 233 2606 duo
248 2571 305 2605 esre
318 2558 384 2604 vitia
399 2559 481 2606 multo
496 2561 609 2607 omnium
623 2562 775 2620 gravissima
786 2577 815 2609 sc
826 2564 991 2622 taeterrima,

179 2624 373 2672 intolerantiam
383 2627 409 2669 et
419 2624 647 2687 incontinentiam
667 2644 723 2674 curn
734 2634 779 2676 aut
789 2628 911 2688 iniurias,
924 2646 990 2689 quae

180 2693 242 2738 sunt
252 2691 383 2748 terendae,
394 2701 449 2737 uon
458 2693 608 2751 toleramus,
618 2709 702 2757 nequa
713 2696 833 2742 recino?
864 2701 895 2742 ut
906 2712 922 2744 a
933 2698 988 2757 qui·
