2067 3034
166 144 231 197 *ald
425 148 534 195 AULI
569 148 736 197 (munli.

179 265 264 314 nescit
274 265 465 326 adolescitqua3
483 264 546 312 hinc
555 265 682 315 videlicet
696 265 746 313 sibi
761 267 946 325 argumentum
956 266 986 310 sd
1023 277 1024 312 l

178 335 385 392 persuadendum
398 333 545 393 paravisse,
563 336 593 379 ut
602 335 778 394 crederemus,
798 333 889 379 omnia
901 339 987 379 rerum

179 401 361 462 humanarum,
378 404 405 448 et
414 414 495 459 parva
504 403 531 445 et
540 401 667 457 maxima,
681 404 802 459 tanquam
812 401 901 464 stellis
912 403 988 457 atque
1022 411 1025 435 ν

180 468 310 514 sideribus
327 467 442 523 evincta,
463 467 523 513 duci
537 469 563 514 et
576 467 643 527 regi.
679 471 704 517 4.
727 468 792 513 Esse
806 470 896 513 autem
911 468 988 513 nimis

183 548 258 594 quam
269 534 382 593 ineptum
394 535 594 592 absurdumque,
608 537 649 596 ut,
666 535 786 594 quoniam
797 537 886 580 aestus
897 535 989 580 oceani

183 616 240 649 cum
253 601 331 648 lunae
346 601 476 648 curriculo
492 601 625 660 congruit,
645 603 779 660 negotium
793 614 895 659 quoque
906 601 988 647 alicu·

182 669 239 726 ius,
258 670 327 725 quod
338 668 362 714 ei
374 670 441 714 forte
453 668 484 714 de
494 682 575 726 aquae
587 669 664 715 ductu
675 683 732 715 cum
741 668 882 726 rivalibus,
903 672 950 714 aut
960 668 988 713 de

183 737 311 782 communi
322 736 421 794 pariete
432 749 486 782 cunr
499 736 585 782 vicino
596 737 664 795 apud
674 736 786 782 iudicem
796 729 845 791 eit,
854 739 884 781 ut
895 736 989 783 existi-

183 815 295 861 memus,
311 803 338 849 id
350 802 482 861 negotium
493 804 567 859 quasi
576 803 675 849 habena
685 804 792 861 quadam
802 802 833 848 de
844 803 921 849 coelo
933 803 989 849 viu·
1024 849 1025 852 ,

186 873 253 916 ctum
262 870 409 928 gubernari.
442 874 464 916 5.
485 870 559 925 Quod
571 871 621 915 etsi
633 871 658 916 vi
668 872 695 916 et
704 871 806 916 ratione
817 871 941 928 quapiam
952 870 990 916 di-

184 937 247 983 viua
261 937 316 983 lieri
330 939 429 997 potest,
448 951 607 996 nequaquam
620 940 706 983 tamen
720 938 747 983 id
762 938 884 983 censebat
894 937 922 984 in
939 941 990 983 tam

184 1004 259 1052 brevi
270 1005 417 1063 exiguoque
428 1004 496 1051 vitae
507 1005 600 1062 spatio,
611 1005 749 1062 quantovis
759 1004 871 1050 hominis
882 1004 990 1064 ingenio

187 1072 369 1130 comprehendi
388 1084 464 1130 posse
485 1074 510 1117 et
530 1072 647 1133 percipi3
678 1072 724 1118 sed
743 1072 888 1119 coniectari
907 1085 991 1142 pauca

187 1139 326 1199 quaedam,
344 1142 374 1185 ut
383 1141 463 1185 verbo
473 1138 555 1195 ipsius
565 1143 638 1197 utar,
657 1138 894 1202 παχυμερέστερον,
913 1140 990 1186 nullo

187 1206 312 1254 scientiae
322 1207 403 1252 londo
414 1209 537 1263 concepta
543 1237 551 1260 ,
566 1206 611 1251 sed
622 1208 680 1252 lusa
690 1209 716 1252 et
725 1219 791 1264 vaga
801 1208 828 1252 et
838 1206 990 1265 arbitraria3

187 1273 273 1332 qualis
283 1273 427 1332 longinqua
437 1273 571 1318 oculorum
581 1273 651 1319 acies
662 1275 713 1328 est,
730 1287 776 1332 per
785 1273 927 1320 intervalla
937 1288 991 1321 me·

187 1341 232 1387 dia
241 1340 415 1398 caligantium.
438 1341 462 1386 o.
475 1340 547 1385 Tolli
558 1340 635 1399 enim,
645 1341 714 1398 quod
724 1339 837 1387 maxime
847 1340 918 1387 inter
929 1343 991 1388 deos

187 1411 264 1464 atque
273 1407 389 1453 homines
401 1406 494 1469 differt,
505 1407 528 1453 si
539 1408 656 1453 homines
666 1421 767 1467 quoque
777 1421 819 1454 res
831 1421 921 1456 omnes
933 1411 993 1468 post

187 1478 288 1522 futuras
298 1478 507 1533 praenoscerent.
542 1477 567 1520 l.
590 1477 673 1533 lpsam
688 1475 782 1521 deinde
795 1476 910 1522 siderum
927 1476 991 1523 stel-

186 1543 320 1598 larumque
331 1542 551 1599 observationem,
572 1555 648 1599 quom
659 1554 716 1588 essa
727 1542 855 1600 originem
865 1543 991 1590 scientiae

186 1622 249 1655 suae
258 1609 451 1669 praedicarent,
470 1609 665 1667 haudquaquam
675 1611 782 1666 putabat
790 1610 891 1668 liquide
902 1610 992 1657 consi-

187 1678 267 1723 stere.
301 1679 326 1721 8.
344 1677 409 1722 Nam
420 1676 442 1722 si
452 1676 585 1734 principes
596 1676 731 1733 chaldaei,
747 1676 792 1734 qui
802 1677 991 1736 inpotentibus

187 1741 282 1800 campis
293 1743 420 1802 colebant,
439 1744 572 1788 stellarum
583 1745 667 1788 motus
678 1743 769 1792 etuias
779 1746 806 1790 et
815 1745 991 1792 discessiones

188 1813 215 1857 ct
224 1812 312 1856 coetus
328 1810 473 1867 intuentes,
494 1810 555 1867 quid
568 1823 601 1856 ex
612 1810 645 1856 iis
656 1812 812 1868 efficeretur,
834 1814 992 1859 observare·

186 1879 260 1936 ruut3
278 1878 409 1935 procedat,
424 1877 516 1936 inquit,
530 1878 593 1923 haec
604 1890 666 1924 sane
676 1877 830 1937 disciplina,
845 1880 892 1926 sed
904 1882 992 1927 subeas

186 1945 264 1991 modo
275 1944 445 1991 inclinatione
455 1944 533 2001 coeli,
549 1944 595 1990 sub
606 1958 656 2002 qua
665 1946 727 1990 tunc
738 1945 860 1992 chaldaei
872 1948 992 1994 fuerunt:

186 2012 318 2058 nonenim
328 2014 426 2070 potest,
441 2011 535 2071 inquit,
552 2011 621 2057 ratio
631 2012 818 2058 Chaldaeorum
828 2014 993 2061 observatio·

146 2115 149 2119 .
186 2079 228 2126 nis
242 2092 359 2134 manere,
375 2077 398 2124 si
412 2078 468 2136 quis
479 2093 509 2125 ea
518 2079 557 2124 uti
566 2078 633 2126 ,velit
643 2081 689 2126 sub
702 2079 813 2126 diversis
823 2080 893 2126 coeli
904 2081 993 2140 regio·

185 2147 271 2192 nibus.
299 2149 364 2193 Nam
374 2148 478 2204 quanta,
488 2146 581 2207 inquit,
593 2146 704 2203 partium
714 2146 924 2205 circulorumque
934 2162 993 2195 coe-

186 2213 209 2259 li
222 2227 258 2260 ex
273 2211 440 2271 devergentia
454 2215 480 2259 et
498 2214 706 2260 convexionibus
720 2215 810 2260 mundi
824 2215 942 2262 varietas
952 2215 993 2276 ait,

173 2280 246 2340 ¹quis
266 2294 319 2326 non
337 2280 429 2326 videti
464 2283 487 2326 9.
506 2280 619 2326 Eaedem
637 2281 719 2339 igitur
737 2282 844 2340 stellae,
864 2295 912 2339 per
930 2296 994 2340 quas

187 2343 274 2393 om'nia
283 2347 372 2393 divina
381 2346 540 2404 humanaque
550 2348 605 2393 lieri
616 2338 782 2404 contendunt,
795 2349 872 2394 sicuti
883 2362 939 2395 nou
949 2364 994 2395 us-

188 2423 336 2470 quequaque
353 2413 460 2472 pruinae
475 2417 519 2460 aut
534 2415 636 2461 calores
646 2419 723 2475 cient,
744 2417 790 2461 aed
799 2417 900 2461 mutant
910 2418 938 2462 et
947 2430 994 2464 va·

186 2479 268 2539 uiant,
287 2481 503 2538 tempestatesque
517 2482 607 2527 eodem
622 2482 776 2548 intempore
791 2482 855 2528 alibi
864 2482 993 2543 placidas,

187 2544 253 2589 alibi
270 2544 401 2591 uiolentas
413 2550 532 2593 movent:
555 2560 601 2594 cur
614 2562 666 2595 uon
680 2553 774 2595 eventa
789 2561 891 2607 quoque
905 2562 994 2596 rerum

187 2622 218 2654 ac
226 2610 390 2667 negotiorum
400 2612 454 2658 alia
464 2614 577 2660 alliciunt
588 2615 615 2661 in
625 2616 772 2676 chaldaeis,
790 2615 843 2661 alia
852 2616 880 2661 in
891 2616 993 2662 Gaetu-

185 2676 229 2736 lis,
239 2675 293 2722 alia
302 2677 370 2735 apud
379 2678 534 2741 Danubium,
545 2681 599 2728 alia
609 2684 678 2741 apud
686 2683 792 2731 Niluml
822 2684 864 2730 1⁰.
882 2682 935 2736 Per
944 2697 990 2730 au-
