2067 3034
147 187 196 238 1⁰2
397 189 503 240 aum
539 190 697 238 GELLll

148 307 303 355 vocabulum
314 306 422 368 dicatur,
440 322 474 354 ne
484 322 537 355 rem
546 304 692 365 quotidiani
700 307 895 367 nsns‚tanquam
906 306 952 366 qui

147 377 176 422 in
186 376 323 423 venalibus
332 376 425 421 Latinae
435 375 507 435 loqui
518 378 658 432 coeptant‚·
668 374 735 433 alia,
750 387 825 432 qnam
835 380 951 434 oportet,

148 457 213 489 roee
226 442 363 501 appellem.
399 445 422 488 t.
441 442 561 501 Quaeris,
574 441 666 498 inquit,
674 454 730 486 rem
742 441 846 487 minime
857 445 951 488 obsen-

147 522 211 555 ram.
247 508 313 563 ilaris
323 509 389 555 adeo
400 508 516 568 ignorat,
529 511 624 568 pesum
634 520 692 554 esse
699 507 792 554 vinnm
800 513 827 555 et
835 509 952 555 triticum

148 579 174 623 et
188 577 275 622 oleum
290 577 318 621 et
330 575 425 621 lentem
442 578 468 622 et
478 578 562 622 labam
573 578 649 633 atque
660 574 838 622 huiuscemodi
849 575 952 621 eeterai

149 648 173 689 8.
191 643 323 697 Etiamne,
343 642 428 700 inquit
443 643 602 702 Favorinum,
620 640 722 687 milium
740 644 767 688 et
785 642 907 701 panicum
926 645 953 687 et

149 711 223 769 glans
242 712 269 755 et
289 710 396 755 ordeum
411 705 564 770 penus'est?
600 710 667 755 Sunt
683 708 751 755 enim
765 710 953 768 propemodum

148 777 321 834 lraeequoque
332 776 470 823 eiusmodi.
506 780 531 823 9.
551 778 664 835 Cumque
674 774 723 822 ille
733 777 847 823 reticem
858 777 953 822 haere·

147 847 202 889 ret:
228 844 311 898 Nolo,
327 843 421 902 inquit,
437 844 488 890 lroe
497 844 549 891 iam
558 844 672 897 labores,
688 856 722 890 an
732 843 792 904 ista,
808 857 875 902 quae
885 842 953 901 dixi,

144 924 227 969 ,pentes
238 911 411 968 appellentur.
444 911 499 958 Seri
512 913 622 969 potesne
636 908 700 956 milri
712 924 766 956 non
776 910 889 969 speeiem
901 910 952 956 sli-

149 991 223 1033 qnum
234 978 265 1022 de
275 991 344 1035 penu
354 977 450 1035 dicere,
469 979 516 1024 sei
530 978 645 1036 delinire,
665 990 760 1035 genere
776 977 911 1037 proposito
924 979 953 1023 et

148 1044 305 1090 differentiis
321 1045 461 1105 appositis,
480 1044 541 1101 quio
554 1044 590 1091 sit
600 1046 698 1104 ponant
733 1045 806 1097 Quae
820 1058 916 1104 genera
926 1047 953 1090 et

149 1124 213 1169 quas
232 1111 391 1158 differentias
411 1112 489 1168 dieas,
507 1124 562 1156 non
578 1111 683 1170 hercle,
703 1110 802 1169 inquit,
817 1112 951 1170 intelligo.

149 1180 191 1224 lli.
210 1179 279 1237 lieni,
289 1178 373 1235 inquit
382 1178 537 1233 Favorinus,
547 1178 625 1236 plane
635 1178 737 1238 dietam,
748 1179 873 1239 postulas,
882 1178 952 1236 quon

149 1245 330 1310 difficillimum
344 1247 398 1303 est,
418 1246 470 1290 (liei
483 1245 599 1303 planius.
634 1246 699 1292 Nam
711 1245 762 1292 lroe
775 1246 879 1304 quidem
891 1260 952 1304 per·

147 1313 351 1371 vulgaturum,
371 1312 548 1359 definitionem
564 1326 665 1358 omnem
679 1326 713 1358 ex
729 1327 825 1371 genere
841 1314 868 1358 et
877 1312 952 1359 diffe-

147 1379 234 1425 rentia
245 1379 399 1446 consistere²
427 1381 466 1425 il.
478 1380 532 1425 Sed
542 1378 565 1425 si
572 1379 638 1425 item
647 1394 687 1425 me
694 1379 745 1424 tibi
757 1380 951 1441 premandae,

150 1447 218 1504 quod
232 1445 315 1500 aiunt,
327 1445 456 1507 postulas,
472 1446 566 1492 faciam
575 1460 637 1493 sane
648 1446 674 1491 id
684 1461 784 1504 quoque
794 1447 901 1493 honoris
912 1445 952 1494 tui

147 1512 259 1559 habendi
267 1513 358 1571 gratia.
394 1515 435 1559 12.
453 1505 538 1571 nique
556 1513 649 1559 ‹leinrle
666 1513 703 1559 ita
717 1527 829 1561 exorsus
840 1517 893 1561 est:
913 1513 952 1570 si,

148 1579 247 1637 inquit,
266 1593 314 1638 ego
328 1583 353 1626 te
366 1592 434 1627 nunc
448 1594 551 1639 rogem,
570 1580 610 1625 nti
624 1580 687 1625 milri
698 1580 768 1626 dieas
780 1583 806 1626 et
816 1581 890 1639 quasi
900 1582 951 1627 eir-

148 1646 305 1694 mmseribas
317 1647 415 1705 verbis,
429 1648 490 1704 qnid
501 1651 575 1693 horno
586 1646 632 1704 sit,
648 1660 710 1708 non,
721 1647 827 1706 opinor,
842 1661 952 1707 respon-

149 1715 222 1771 deas,
231 1713 363 1759 hominem
374 1727 433 1761 esse
442 1718 470 1760 te
481 1718 557 1773 atque
567 1727 616 1761 me.
651 1716 708 1760 lloe
718 1714 795 1774 enirn,
806 1714 863 1772 quis
873 1715 950 1761 homo

139 1780 198 1842 sit,
212 1781 349 1827 ostendere
360 1783 412 1841 est3
430 1795 491 1836 non,
505 1781 654 1840 quidlromo
666 1780 711 1841 sit,
725 1781 821 1827 llioere.
857 1783 908 1828 Sed
919 1782 952 1843 si,

148 1848 264 1905 inquam,
279 1849 402 1909 peterem,
415 1852 445 1895 ut
454 1848 539 1907 ipsum
548 1848 623 1906 illud,
638 1847 706 1905 qnod
715 1848 791 1895 homo
802 1851 851 1905 est,
861 1848 953 1895 nenni-

147 1928 206 1972 ηε,
224 1918 279 1961 tum
292 1916 410 1973 proiecto
423 1915 486 1961 mni
500 1916 613 1970 diceres,
631 1914 763 1961 hominem
773 1929 830 1962 esse
839 1916 951 1963 mortale

148 1982 246 2027 animal
255 1981 365 2028 rationis
376 1986 403 2028 et
412 1982 538 2029 scientiae
548 1982 666 2041 eapiens;
686 1983 730 2028 vel
744 1997 794 2040 qno
806 1982 859 2029 alio
871 1984 950 2028 modo

147 2048 262 2106 ditores,
278 2050 307 2095 ut
316 2062 375 2095 eum
384 2062 400 2095 a
408 2050 502 2095 ceteris
513 2049 668 2095 animalibus
679 2049 796 2096 omnibns
807 2063 950 2108 separares.

146 2114 261 2161 Proinde
272 2115 352 2173 igitur
361 2121 465 2163 nancte
474 2130 554 2175 rogo,
574 2119 616 2176 ut,
636 2116 849 2176 qnidsltpeans,
869 2116 951 2178 dicas,

146 2185 200 2227 non
213 2184 242 2227 ut
255 2182 354 2240 aliquid
368 2197 401 2230 ex
416 2197 484 2243 penu
499 2184 625 2229 nonanes.
661 2185 701 2229 la.
719 2185 785 2230 'l'um
798 2183 847 2230 ille
862 2187 961 2230 osten-1

145 2251 225 2307 tator,
241 2249 366 2296 noreiam
376 2252 451 2298 molli
461 2256 537 2309 atque
549 2250 674 2296 demissa:
693 2250 889 2309 Philosophiam,
909 2250 952 2296 in-

147 2314 211 2376 quit,
226 2328 275 2374 ego
284 2329 339 2362 uon
349 2316 437 2374 didici,
450 2331 498 2365 nee
509 2318 608 2364 discere
618 2317 744 2376 appetivi3
764 2321 799 2375 et,
813 2317 836 2363 si
846 2318 950 2376 ignoro,

147 2393 182 2427 sn
191 2382 297 2428 ordeum
307 2396 342 2430 ex
352 2397 419 2443 penu
429 2385 477 2447 sit,
493 2388 539 2431 ant
548 2384 641 2442 quibus
656 2384 740 2431 verbis
750 2398 832 2443 penus
843 2384 951 2431 delinia-

145 2452 201 2506 tur,
221 2461 275 2494 non
288 2462 320 2495 ea
332 2464 361 2496 re
375 2451 466 2497 literas
483 2465 585 2511 quoque
595 2451 661 2497 alias
671 2451 771 2498 neseio.
807 2453 847 2498 14.
865 2452 951 2509 Scire,

145 2513 232 2572 iuquit
240 2515 328 2562 ridens
339 2505 390 2563 iim
400 2519 556 2574 Favorinus,
571 2517 633 2576 qnid
641 2531 726 2576 penus
736 2518 780 2577 sit,
791 2532 845 2565 nou
854 2532 889 2565 ex
899 2531 950 2565 uo-
972 2541 974 2548 ¹

146 2585 201 2627 stra
218 2582 300 2640 magis
320 2587 360 2629 est
377 2585 555 2643 philosophia,
574 2598 650 2642 quam
667 2598 702 2632 ex
715 2585 882 2643 grammatica
894 2590 951 2631 tna.

147 2651 188 2694 15.
207 2649 349 2695 Meministi
358 2651 436 2710 enirn,
451 2653 545 2706 oredo,
559 2652 650 2708 quaeri
660 2652 778 2707 solitum,
791 2651 852 2709 quid
862 2651 952 2710 Virgi-

145 2714 200 2761 lius
210 2714 318 2776 dixerit,
329 2731 423 2778 penum
437 2721 568 2766 instruere
584 2720 626 2766 rel
641 2720 743 2782 longara
757 2719 800 2766 tel
813 2722 886 2780 longe
902 2733 949 2766 or·
