2067 3034
179 156 214 208 on
410 156 539 205 -noor
574 133 733 204 enum

180 275 235 324 veli
247 260 351 336 proelio
366 273 395 322 in
404 274 552 334 Aegyptum
566 228 708 333 fugientem
721 274 799 321 vento
813 275 910 336 iapyge
920 277 985 326 terri

180 345 224 391 sit.
254 343 354 401 Equum
365 356 465 400 quoque
475 340 596 401 Apulum,
607 341 707 396 eodem,
717 354 767 398 quo
779 345 892 403 ventum,
907 356 987 391 vocs-

180 411 243 458 hulo
255 410 374 468 iepygem
385 408 537 467 appellavit.
553 445 559 453 .
572 410 614 454 24.
633 409 682 454 Est
691 408 770 455 etiem
778 411 870 456 ventus
880 410 987 458 nomine

179 478 300 537 Caecius,
321 490 395 534 quem
408 475 566 521 Aristoteles
580 475 617 521 ita
632 476 693 521 llere
704 475 780 537 dicit,
798 478 827 522 ut
839 480 921 524 nubes
930 492 986 524 non

179 545 271 603 procul
285 542 428 603 propellet,
448 542 494 588 sed
506 544 537 588 ut
550 543 583 588 ed
597 554 654 589 sese
669 545 757 605 vocet,
776 556 811 591 ex
820 556 871 602 quo
882 557 985 592 versum

178 612 255 658 istum
267 609 457 670 proverbialem
467 610 564 657 foetum
573 609 628 676 sitq

571 700 607 711 -
622 701 657 710 -
672 673 752 724 Κακά

208 737 267 807 ’Ep’
280 738 372 790 ἑαυτὸν
381 738 468 801 iinon,
480 736 514 798 ὥς
528 735 665 796 ὅΚαικίας
675 743 758 807 νέφος.

178 815 221 864 25.
239 812 346 859 Praeter
355 812 403 859 hos
414 815 511 869 eutem,
526 824 590 869 quos
601 810 673 867 dixi,
687 814 748 858 sunt
761 811 985 872 aliipluriforiosn

178 879 253 927 nenti
274 878 447 935 commenticii
463 882 489 926 et
504 891 566 924 suae
581 879 690 936 quisque
703 878 820 938 regionis
835 880 984 943 indigenae,

179 951 209 994 ut
224 948 265 993 est
273 946 434 994 Horatianus
444 959 546 1006 quoque
557 945 604 992 ille
614 946 758 1006 Atabulus,
777 960 842 1006 quos
853 948 908 1007 ipse
919 962 985 1008 quo-

179 1028 229 1072 que
245 1017 415 1060 exsecuturus
430 1013 480 1060 fui:
501 1012 708 1070 addidissemque
718 1027 772 1073 eos,
788 1014 832 1072 qui
841 1015 948 1062 Eteioe
958 1018 986 1063 et

179 1081 316 1128 Prodromi
328 1081 524 1141 appellitantur,
531 1080 576 1138 qui
587 1083 657 1127 certo
668 1083 785 1139 tempore
796 1081 866 1141 enni,
874 1097 931 1129 eum
942 1098 986 1130 eu·

179 1148 221 1195 uis
232 1149 328 1207 oritur,
343 1161 377 1194 ex
388 1148 441 1194 elia
451 1151 527 1205 atque
542 1148 596 1194 elin
606 1150 679 1206 perte
689 1148 758 1194 coeli
769 1149 880 1208 spirent:
900 1149 984 1196 ratio·

179 1228 277 1273 nosque
294 1215 408 1262 omnium
421 1215 607 1261 vocabulorum
625 1210 761 1277 (quoniam
774 1217 834 1275 plus
848 1217 926 1274 poulo
937 1218 985 1264 ed·

177 1279 257 1345 bibi)
269 1281 430 1343 effudissem,
444 1282 496 1328 nisi
507 1282 590 1328 multo
600 1281 651 1328 iam
663 1296 770 1340 prorsus
781 1283 899 1331 omnibus
910 1284 985 1332 vobis

178 1350 354 1401 reticentibus.
365 1353 444 1396 verbe
460 1350 594 1407 fecissem,
614 1349 689 1406 quusi
703 1351 776 1397 lieret
789 1364 853 1396 nme
862 1345 986 1414 ἀκρόασις

179 1411 343 1475 ἐπιδεικτική.
379 1419 420 1464 26.
439 1419 469 1462 ln
484 1416 607 1463 convivio
619 1419 704 1462 eutem
716 1418 847 1475 frequenti
858 1418 930 1476 loqui
941 1426 985 1465 'so-

179 1485 234 1531 lum
243 1496 336 1544 unum,
352 1498 435 1542 neque
445 1484 583 1531 honestum
594 1486 646 1544 est,
662 1483 761 1545 inquit,
776 1498 861 1542 neque
872 1499 985 1545 eommo-

183 1551 250 1597 dum.
285 1550 326 1597 nt.
345 1553 417 1598 Haec
426 1551 502 1597 nobis
511 1551 659 1597 Favorinus
669 1553 697 1597 iu
708 1565 753 1612 eo,
772 1565 821 1610 quo
833 1552 901 1613 dixi,
920 1556 986 1600 tem-

179 1631 246 1678 pore
261 1619 328 1676 opud
342 1630 458 1665 mensam
474 1632 547 1664 suem
562 1631 660 1664 summe
676 1632 731 1664 eum
747 1619 878 1678 elegantia
893 1622 987 1667 verbo-

182 1698 252 1745 rum,
268 1686 400 1744 totiusque
412 1686 539 1733 sermonis
551 1685 672 1731 comitate
682 1689 758 1745 etque
769 1687 853 1745 gratie
864 1687 986 1734 denarra-

180 1753 230 1799 vit.
265 1754 306 1799 28.
326 1753 378 1799 Sed
386 1754 455 1811 quod
466 1753 517 1814 sit,
538 1756 651 1812 ventum,
662 1753 705 1810 qui
716 1767 750 1800 ex
760 1757 830 1799 terro
840 1755 928 1800 Gellio
938 1755 985 1802 tls·
1026 1768 1027 1771 ’

180 1824 235 1882 ret,
252 1818 370 1867 vireium
385 1820 528 1880 appellari,
547 1822 583 1866 Μ.
598 1822 661 1866 Cato
676 1820 754 1867 tertio
769 1821 837 1867 libro
850 1821 986 1881 Originum

183 1902 241 1935 eum
252 1890 355 1934 ventum
365 1887 483 1934 Ceruium
495 1887 566 1941 dicit,
576 1900 630 1933 nou
639 1887 760 1934 Circium.
791 1891 833 1934 29.
851 1889 987 1937 Nemeum
1026 1918 1027 1923 =

183 1956 215 2002 de
228 1955 352 2015 Hispanis
367 1954 497 2015 [Alpinis]
513 1955 651 2011 scriberet,
670 1954 714 2012 qui
729 1954 794 2001 citra
803 1955 925 2002 Hiberum
941 1971 986 2004 co-

178 2024 253 2085 lunt,
273 2025 351 2070 serbe
365 2021 429 2069 hoec
445 2022 544 2081 posuit:
570 2024 638 2070 Sunt
649 2023 677 2068 in
686 2021 726 2070 dis
736 2024 987 2086 regionibusferrn-

181 2094 255 2151 riae,
266 2090 489 2152 argentifodinae
496 2090 706 2150 putcherrimae,
723 2103 793 2137 mons
804 2093 906 2138 exsule
916 2106 987 2138 mere

183 2170 306 2218 ntagnns:
332 2164 455 2218 qnantum
473 2156 577 2218 deneas,
597 2163 698 2204 tantuin
716 2164 851 2206 accrescit.
889 2160 988 2206 Ventus

186 2227 299 2285 Cercius,
315 2240 371 2272 cnm
381 2227 506 2285 loquare,
523 2226 628 2272 buccam
638 2225 744 2283 implet:
761 2231 892 2272 errantum
902 2225 987 2273 leomi-

182 2306 254 2350 nens,
270 2294 424 2352 planstrum
442 2299 581 2339 oneratum
590 2291 722 2352 percellit.
757 2294 798 2339 30.
818 2294 894 2347 Quod
908 2305 988 2352 supro

180 2362 272 2405 ‘nutem
286 2358 356 2418 dixi,
375 2358 481 2406 Etesins
495 2373 529 2406 ex
540 2359 593 2405 olio
603 2362 678 2416 etque
689 2359 742 2405 alis
753 2360 821 2405 eoeli
831 2365 903 2418 porte
914 2361 988 2415 liare,

184 2426 254 2472 houd
265 2425 319 2472 seio
331 2439 366 2471 on
375 2429 476 2472 secutus
488 2426 638 2484 opinionem
652 2426 793 2472 multorum
803 2429 899 2474 temere
910 2427 987 2474 dixe·

187 2493 245 2538 rim.
281 2494 322 2539 31.
342 2492 370 2538 Ρ.
382 2488 472 2556 [euim]
484 2492 585 2551 Nigidii
600 2492 750 2540 insecundo
762 2493 902 2554 librorum,
922 2507 987 2552 quos

185 2559 225 2606 De
239 2561 318 2605 vento
333 2559 492 2619 conmonuit,
510 2561 587 2606 verbs
601 2559 665 2606 haee
675 2563 747 2606 sunt:
768 2555 951 2625 [ΕεΓΕιήοίαι
962 2567 989 2608 et

9 2614 10 2691 J
97 2640 101 2649 ’
185 2629 279 2673 Austri
294 2627 477 2672 anniversarii
493 2627 602 2673 seeundo
625 2627 686 2673 Sole
696 2626 781 2688 flant.
814 2627 988 2675 Consideran-

188 2692 246 2740 dum
256 2692 339 2754 igitur
347 2695 396 2755 est,
407 2692 469 2750 quid
479 2693 514 2740 sit
523 2693 633 2742 seeundo
643 2693 711 2741 Sole.
