2067 3034
313 154 451 202 otuu.
487 150 637 201 ΟΑΜΒ.
852 150 886 201 63

313 306 371 358 CA
390 304 412 356 P
431 306 455 356 U
473 305 498 355 'l'
534 300 656 354 XXlll.

104 387 253 431 Consultatio
269 387 451 447 rilindicutioquc
463 387 647 443 locomsmsaeta
661 400 690 429 cc
703 387 822 430 comoedia
833 387 884 431 Me·

129 444 218 488 nauum
227 450 251 488 ct
260 443 365 496 Caecilii,
376 459 433 503 quac
441 444 546 488 Plocium
555 444 672 499 cmcripta
680 448 723 485 est.

112 523 136 570 1.
157 521 313 569 Comoedias
332 522 483 568 lectitamus
499 524 647 567 nostrarum
665 520 799 578 poetarum
818 532 886 567 mm·

76 593 118 636 tar
136 603 168 636 ac
184 601 278 635 versas
295 589 327 636 de
342 589 463 647 Graecis;
481 589 628 635 Mensndru
640 600 672 633 ac
685 586 827 644 Posidippo
842 591 887 634 aut

76 655 262 715 Appolladora
273 658 319 702 aut
328 656 448 716 Alexide,
460 660 487 702 et
496 656 648 714 quibuisdam
658 653 721 700 item
732 654 794 699 aliis
805 654 885 701 cami·

79 724 127 770 cis.
163 727 188 769 2.
206 723 311 780 Neque,
330 737 387 769 cum
400 723 513 783 legimns
526 734 582 779 ess,
601 721 708 768 nimium
719 734 781 767 sane
793 720 886 781 displi-

78 792 151 849 cent3
172 788 235 847 quin
249 790 351 848 lepidae
365 804 466 849 qnoque
476 794 503 837 et
513 792 622 836 renone
631 789 744 847 scriptae
754 788 884 847 videntur,

78 869 188 917 prorsus
197 860 227 903 ut
237 858 330 904 melius
341 872 418 916 passe
433 858 490 904 beri
500 858 568 904 nihil
578 870 693 904 oessaas.
729 858 752 902 3.
769 856 884 902 Atenim

77 924 101 972 si
112 925 236 972 conferas
247 927 274 971 et
283 926 528 983 campanasGraeca
536 925 602 984 ipsa,
612 925 680 970 made
690 923 739 971 ills
748 927 885 982 kuunt,

78 1006 109 1038 ac
119 991 226 1050 singula
237 992 400 1039 considerate
414 997 493 1050 atque
508 997 567 1050 apte
577 990 673 1039 iuncus
688 993 714 1036 et
724 990 835 1036 alternis
845 991 885 1036 le-

78 1059 213 1107 ctionibus
227 1060 385 1116 committas,
405 1059 501 1119 oppido
511 1072 585 1116 quam
597 1059 682 1105 isccre
692 1060 769 1115 atquc
779 1056 885 1104 sordere

62 1148 65 1159 ·
79 1125 224 1184 incipiunt,
240 1140 304 1184 quae
319 1126 412 1174 Latina
426 1131 498 1174 suut:
518 1127 556 1172 ita
571 1128 741 1185 Graecarum,
760 1138 823 1182 quas
837 1137 886 1171 ue·

77 1193 176 1242 molari
195 1194 382 1252 nequiverunt,
401 1193 506 1242 facetiis
526 1198 601 1251 atque
619 1192 762 1239 luminibus
781 1191 884 1238 absale-

78 1263 164 1308 scunl.
184 1265 208 1307 4.
220 1263 312 1319 Nuper
320 1263 387 1308 adea
394 1276 458 1308 usus
468 1260 545 1307 huius
555 1260 594 1307 rei
604 1260 679 1307 nobis
691 1259 770 1305 uenit.
789 1259 885 1304 dcce-

78 1328 135 1375 cilii
147 1327 266 1374 Plocium
274 1328 435 1387 legebamus:
446 1329 513 1374 haud
522 1341 647 1385 quaquam
657 1326 721 1373 mihi
732 1326 811 1383 etqui
822 1326 884 1372 ade-

77 1397 138 1445 rant
150 1394 314 1454 displicebat.
346 1398 369 1441 6.
380 1396 494 1441 Libitum
505 1400 553 1455 est,
564 1392 700 1440 Menandri
711 1406 812 1451 quaque
822 1393 884 1438 Plo-

77 1462 147 1511 eium
161 1463 265 1521 legere,
283 1475 359 1520 aqua
374 1463 448 1510 istam
464 1461 624 1509 comoediam
633 1462 754 1511 verterat.
789 1463 813 1506 l.
833 1460 885 1506 Sed

79 1529 164 1586 enim,
179 1534 316 1589 postquam
330 1531 357 1575 in
371 1544 462 1576 manus
471 1529 615 1576 Menander
624 1527 709 1587 venit,
728 1527 884 1587 aprineipio

79 1597 180 1653 statim,
197 1596 234 1642 dii
245 1595 317 1643 boni!
344 1600 467 1655 quantum
479 1600 582 1656 stupere
593 1599 671 1653 atque
683 1595 789 1655 frigere,
804 1608 884 1652 quan·

77 1668 185 1721 tumque
198 1666 298 1709 mutare
311 1679 328 1710 a
340 1666 486 1711 Menandro
502 1662 632 1710 Caecilius
647 1662 717 1708 visus
729 1661 779 1709 est!
819 1662 882 1707 Dia-

76 1732 160 1779 medis
179 1730 267 1778 hercle
283 1744 353 1777 arma
369 1736 396 1779 et
411 1731 504 1778 Glauci
519 1744 572 1777 nan
588 1729 685 1788 dispari
701 1729 783 1789 magis
796 1728 881 1787 pretio

77 1799 232 1847 existimata
241 1801 310 1844 sunt.
339 1802 362 1845 8.
380 1802 532 1846 Accesserat
541 1797 633 1844 dehine
643 1797 723 1842 lectio
733 1798 765 1844 ad
775 1810 834 1843 eum
844 1796 884 1840 lo-

78 1880 149 1921 cum,
166 1865 195 1910 in
205 1878 256 1923 quo
267 1865 375 1912 maritus
386 1880 467 1914 senex
478 1879 557 1924 super
566 1878 650 1912 uxore
661 1864 743 1910 divite
753 1866 828 1921 atque
840 1863 884 1907 de-

76 1933 156 1980 formi
167 1934 333 1990 querebatur,
345 1934 412 1991 quod
421 1933 545 1991 ancillam
554 1945 693 1989 summan
703 1931 799 1978 inscito
810 1930 886 1988 puel·

76 2002 128 2046 lam
139 2000 297 2058 nsinisterio,
315 2003 341 2046 et
350 2001 417 2048 facie
427 2001 495 2046 baud
505 2000 643 2058 illiberali,
657 2001 761 2046 coactus
772 2001 828 2043 erat
840 2010 886 2043 ue-

77 2068 199 2117 uundare
219 2070 363 2125 suspectam
383 2070 461 2115 uxori
478 2068 554 2126 quasi
568 2067 701 2124 pellicem:
721 2065 789 2111 nibil
803 2065 885 2112 dicam

77 2148 142 2193 ego,
162 2138 285 2191 quantum
299 2134 409 2181 diderat.
445 2136 545 2181 Versus
559 2134 696 2189 utriusque
714 2132 795 2178 eximi
808 2132 884 2193 iussi,

77 2205 103 2248 et
114 2201 180 2248 aliis
191 2201 224 2247 ad
235 2200 358 2248 iudicium
368 2201 515 2248 laciendum
525 2201 631 2259 exponi.
651 2200 825 2246 obsecundet
834 2199 884 2245 sie:

106 2277 172 2331 ’En'
201 2276 352 2349 ἀμφοτέραν
374 2280 428 2309 *²⁶*
449 2278 485 2331 ἵν’
510 2282 646 2344 ἐπίκληρος
672 2273 688 2346 ᾗ
712 2279 763 2308 “*
783 2282 885 2346 μέλλειν

243 2354 245 2359 '
487 2347 671 2409 renuentium·
682 2347 718 2375 *⁴

111 2416 124 2444 ¹⁹
136 2414 150 2443 ⁴
161 2414 178 2443 '⁶
188 2413 367 2500 κατερῖάσασα
376 2418 442 2481 μέχα
454 2418 499 2465 καῖ
506 2413 664 2480 περιβόητον
672 2415 755 2480 ἔργον,

103 2481 157 2531 Ἦν
167 2480 264 2547 flacitae
279 2522 285 2544 ‚
297 2485 323 2531 lu
334 2487 379 2546 τῆς
390 2484 471 2539 οἰκίας
482 2483 584 2546 ἐξέβαλε
595 2479 796 2544 reprimebatur·

105 2546 156 2596 '‘lv’
174 2550 328 2611 ἐπιβλέπωσι
348 2548 441 2607 πάντες
459 2552 495 2606 cic
514 2547 544 2598 τὸ
558 2543 717 2616 Κρωβύλης
735 2544 885 2617 πρόσωπον·

105 2612 146 2663 Ἤ
153 2611 184 2677 y'
195 2613 338 2682 esiyeuococ
349 2616 404 2644 Η*

110 2682 223 2715 ******
235 2685 287 2745 εἶχέ
293 2679 323 2750 μ’
335 2681 350 2748 ἡ
360 2682 421 2749 γυνὴ
433 2683 566 2743 δέσποινα,
573 2683 614 2731 καὶ
623 2682 655 2710 “
661 2681 676 2710 *
