2067 3034
315 101 398 149 ΗΒ.
417 102 438 146 1.
475 102 565 150 CAP.
592 105 633 155 lu.
836 101 869 151 1²

78 217 99 263 l.
115 216 176 264 lton
192 217 275 264 alius:
294 217 344 264 hoc
366 217 443 278 volo,
462 217 561 282 inquit,
581 218 693 279 discere3
708 218 778 266 istud
795 221 868 267 nolo.

74 283 115 330 llic
123 298 138 331 a
147 284 284 344 symposio
296 284 416 332 Platonis
426 284 543 346 incipere
553 287 632 346 gestit
640 288 746 346 propter
754 288 871 335 Alcibia-

73 351 113 397 dae
122 351 347 408 comissationem;
362 351 409 398 ille
418 365 435 398 a
448 352 566 401 Phaedro
580 356 686 414 propter
698 355 794 412 Lysiae
808 368 871 400 ora-

74 417 171 464 tionem.
207 420 250 464 lo.
268 418 319 464 Est
332 418 424 475 etiam,
437 418 536 477 inquit,
549 433 597 478 pro
607 418 717 479 Iupiter!
729 420 773 478 qui
782 421 872 466 Plato·

72 499 122 532 nen
138 485 231 544 legere
249 484 379 545 postulet,
396 498 451 532 non
464 486 534 534 vitae
549 488 692 548 ornandae,
707 488 754 533 sed
766 486 872 546 linguae

72 552 247 608 orationisque
266 552 408 598 comendae
425 553 523 614 gratia,
542 566 590 600 nec
611 556 642 601 ut
657 553 803 600 modestior
819 556 872 613 liat,

71 619 148 663 redut
157 617 286 677 lepidior.
310 620 351 663 ll.
361 620 433 666 Haec
444 621 546 667 Taurus
557 621 643 668 dicere
652 621 747 667 solitus
755 620 873 667 novitios

70 685 285 744 philosophorum
303 687 445 733 sectatores
463 701 521 734 curn
543 688 672 735 veteribus
690 687 872 747 Pythagoricis

70 751 205 810 pensitans.
247 753 287 798 12.
306 752 358 800 Sed
371 752 400 797 id
412 766 514 813 quoque
527 767 581 800 non
595 755 809 813 praetereundum
824 758 873 810 est,

71 819 132 876 quod
145 831 240 866 omnes
254 818 347 880 simul,
361 818 406 876 qui
419 835 435 866 a
452 820 600 882 Pythagora
613 821 642 867 in
655 820 786 868 eohortem
799 821 874 868 illam

69 885 268 945 disciplinarum
275 885 375 945 recepti
385 888 546 948 erant,quod
554 888 661 945 quisquc
670 888 785 934 familiae
795 902 873 946 pecu-

54 980 57 985 ·
68 952 172 1012 uiaeque
181 953 311 1013 habebat,
321 952 349 998 in
357 954 471 1001 medium
481 955 587 1013 dabaut3
598 958 624 1002 et
634 955 751 1002 coibatur
760 955 874 1002 societas

68 1018 262 1079 inseparabilis,
268 1021 389 1078 tanquam
398 1021 466 1067 illud
475 1022 554 1068 fuerit
563 1021 695 1079 antiquum
705 1022 873 1079 consortium,

67 1088 133 1144 qood
150 1086 211 1135 iure
228 1087 305 1146 atque
318 1088 398 1134 verbo
412 1089 530 1138 Romano
546 1089 725 1149 appellabatur
738 1095 809 1136 croto
823 1103 874 1136 aon

66 1162 124 1201 ‘m'
340 1221 527 1276 cucur
563 1222 599 1274 x.

91 1287 176 1338 linitio
195 1285 274 1331 vertit
292 1290 466 1344 compellaverit
482 1289 613 1334 Favorinus
627 1289 778 1347 philosopha
788 1292 872 1335 adolo-

115 1349 220 1389 nentem
230 1356 296 1387 carco
305 1345 371 1388 nimii
381 1346 486 1401 etprim
496 1347 628 1406 loqroeatena

96 1424 120 1469 1.
137 1419 292 1467 Favorinus
301 1420 473 1480 philosophus
483 1423 651 1486 adolescenti,
657 1426 772 1471 veterum
781 1425 875 1470 verbo·

63 1500 118 1534 rum
139 1486 324 1550 cupidissimo,
341 1491 368 1534 et
388 1490 526 1548 plerasque
549 1504 627 1538 voces
649 1491 727 1537 nimis
745 1490 877 1549 priscaset

65 1555 250 1614 ignotissimos
260 1554 289 1600 in
305 1555 464 1614 quotidianis
479 1558 704 1615 communibusque
715 1557 876 1604 sermonibus

64 1622 233 1681 expromenti
242 1636 249 1669 ι
257 1623 360 1683 Curius,
372 1622 464 1684 inquit,
472 1627 498 1670 et
506 1624 651 1683 Fabricius,
658 1623 875 1680 etcoruncanius,

63 1756 212 1821 trigemini,
229 1756 308 1815 plane
319 1771 349 1803 ac
359 1758 471 1804 dilucide
482 1773 540 1806 curn
550 1759 605 1806 suis
618 1757 729 1805 fabulati
742 1760 814 1804 sunt:
828 1770 876 1802 ne-

62 1839 111 1886 que
123 1822 326 1886 Auruncorum,
344 1829 387 1870 aut
397 1825 560 1886 Sicanorum,
576 1827 621 1871 aut
633 1826 815 1883 Pelasgorum,
830 1822 875 1880 qui

61 1893 139 1951 primi
145 1888 203 1956 [in]
210 1891 324 1938 coluisse
334 1891 437 1939 ltaliam
448 1891 578 1950 dicuntur,
590 1892 635 1938 sed
645 1892 738 1938 aetatis
748 1903 876 1937 suaevor-

60 1959 101 2005 bis
117 1958 206 2011 locuti
217 1961 288 2004 sunt.
324 1960 348 2004 2.
368 1960 405 2004 Tu
416 1962 513 2013 autem,
527 1960 634 2017 perinde
645 1958 718 2016 quasi
728 1971 785 2004 eum
793 1958 875 2003 matre

60 2026 184 2073 Evandri
194 2041 265 2073 nuno
276 2026 395 2083 loquare,
406 2039 523 2074 sennone
538 2026 630 2073 abhinc
639 2025 727 2072 multis
738 2023 813 2071 annis
824 2023 875 2069 iam

63 2094 151 2141 desito
162 2094 264 2153 uteris,
275 2093 344 2150 quod
353 2093 420 2143 scire
430 2096 505 2150 atque
520 2092 669 2152 intelligere
683 2091 812 2138 neminem
825 2091 874 2149 ris,

62 2174 127 2218 quae
139 2160 226 2208 dicas.
238 2161 339 2220 Nonne,
350 2160 426 2206 bomo
436 2160 531 2219 inepte,
541 2163 571 2206 ut
580 2159 649 2217 quod
658 2158 699 2205 vis
708 2159 808 2204 abunde
813 2171 876 2205 con-

62 2227 200 2286 sequaris,
217 2229 305 2273 taces?
339 2226 364 2277 3.
383 2227 435 2276 Sed
453 2227 633 2285 antiquitatem
646 2225 695 2272 tibi
707 2225 810 2284 placere
825 2224 875 2284 ais,

63 2295 132 2352 quod
146 2295 263 2340 honesta
278 2296 305 2340 et
317 2296 384 2340 bona
400 2297 426 2343 et
440 2294 528 2341 sobria
543 2298 569 2339 et
578 2294 694 2340 modesta
704 2293 747 2339 sit.
774 2295 798 2338 4.
808 2291 874 2338 Vive

63 2374 125 2421 ergo
142 2361 264 2408 moribus
279 2361 440 2420 praeteritis3
459 2362 567 2419 loquere
582 2360 668 2408 verbis
681 2359 874 2418 praesentibus3

63 2431 142 2486 atque
153 2427 194 2486 id,
205 2428 299 2485 quoda
309 2428 336 2474 G.
348 2430 472 2485 Caesare,
487 2427 644 2475 excellentis
656 2426 757 2486 ingenii
769 2439 798 2472 ac
812 2439 874 2484 pru·

64 2495 172 2542 dentiae
188 2494 257 2557 viro,
271 2495 299 2540 in
309 2494 392 2554 primo
404 2495 434 2541 de
445 2495 574 2553 Analogia
583 2496 666 2554 libro,
686 2494 810 2551 seriptum
824 2494 874 2546 est,

64 2560 129 2609 habe
145 2575 252 2621 semper
264 2562 513 2620 inmemoriaatqne
524 2562 678 2621 inpactore,
694 2562 736 2618 ut,
755 2562 876 2614 tanquam

8 2678 13 2694 f
64 2629 220 2742 scopulum,
241 2627 280 2676 sic
294 2627 380 2690 fugias
390 2628 536 2676 inauditnm
545 2632 622 2686 atque
632 2627 749 2739 ingolens
762 2624 876 2670 verbum.

130 2705 147 2742 ll
155 2706 172 2743 L
179 2705 196 2742 L
202 2704 212 2741 1
218 2706 236 2741 u
243 2704 267 2741 S·
