2067 3034
112 165 165 218 248
371 166 476 214 AULl
504 165 662 213 annul!

356 282 546 335 CAPUT
580 280 670 334 Vlll.

144 366 204 418 outa
210 365 308 410 senserit
317 365 444 424 disaitqne
453 365 487 406 M.
500 366 558 409 Cato
570 368 596 409 de
604 364 701 414 Altino,
721 361 771 421 pai,
787 361 855 406 lonso
867 362 918 405 lto·

168 435 262 472 marnes,
278 421 369 465 Graeca
377 421 484 464 oratione
493 435 527 464 res
537 421 664 466 Romanas.
679 422 747 464 uenia
755 418 863 462 sitiente
871 418 920 461 eius

169 480 264 535 linguas
273 477 404 534 imperitiae
410 476 496 532 petita,
507 474 644 532 compressit.

150 560 172 605 1.
190 557 261 603 Iuste
280 555 439 611 venusteque
456 553 590 600 admodum
607 551 805 611 reprehendisse
823 550 921 599 dicitur

114 629 146 674 A.
160 624 284 671 Albinum
298 623 333 666 Μ.
352 622 424 667 Cato.
460 624 484 666 2.
504 619 628 676 Albinus,
643 620 687 677 qui
702 634 757 666 eum
768 621 797 665 1..
807 619 921 666 Lucullo

116 691 210 740 consul
225 690 289 742 luit,
310 701 351 734 res
365 688 494 734 Romanas
509 687 630 733 oratione
642 689 740 733 Graeca
753 686 922 744 scriptitavit.

117 762 141 805 3.
160 759 190 803 lu
205 757 262 803 eius
275 754 401 802 historiae
415 754 546 813 principio
558 754 682 812 scriptum
693 756 732 799 est
742 755 774 799 ad
784 754 850 798 harre
861 768 923 800 sen.

115 825 237 876 tentiam:
257 822 392 869 Neminem
402 834 557 867 succensere
568 821 616 866 sibi
629 821 776 880 convenire,
788 821 811 867 si
821 821 883 877 quid
893 822 923 868 in

114 893 157 939 lsis
168 890 243 937 libris
255 903 342 947 parum
354 888 496 947 composite
506 889 646 934 autminus
657 888 923 947 eleganterscriptum

116 961 196 1005 toret.
232 958 372 1014 Nasutum,
388 956 481 1012 inquit,
495 956 570 1002 tonso
581 957 727 1016 Romanas,
743 961 821 1002 natas
832 957 857 1000 s'n
869 956 923 1002 La·

118 1030 165 1072 tto.
200 1024 307 1072 Graeca
321 1025 408 1071 oratio
428 1037 447 1069 a
462 1025 535 1069 notris
553 1025 717 1069 alienissima
732 1029 788 1082 est;
811 1021 922 1079 ideoque

115 1093 219 1140 ueniam
234 1091 392 1151 gratiamque
407 1090 491 1136 malae
507 1089 723 1146 existimationis,
743 1090 766 1135 si
780 1089 841 1147 qnid
854 1093 925 1137 esset

117 1164 238 1218 erratum,
250 1157 403 1216 postulavit.
428 1160 452 1203 4.
462 1157 526 1202 Eam
538 1171 595 1203 cum
605 1158 715 1216 legisset
723 1158 758 1202 M.
769 1158 844 1203 Cato.
863 1158 924 1204 It'ae

117 1236 159 1284 ta,
177 1226 274 1283 inquit,
295 1223 369 1285 Aule,
383 1226 487 1270 niarium
497 1230 657 1285 nugatores,
676 1240 732 1270 cuae
742 1226 860 1271 maluisti
867 1225 924 1271 eal-

113 1309 180 1356 pane
195 1293 345 1351 deprecari,
366 1306 442 1352 qnam
456 1293 537 1350 eulpa
550 1306 660 1338 vacare.
694 1293 763 1338 Nam
773 1298 866 1352 petere
876 1307 925 1339 re-

115 1365 188 1408 niam
198 1360 317 1419 solentne,
329 1365 377 1404 aut
387 1372 442 1405 cuns
451 1360 627 1417 imprudentes
637 1362 792 1418 erravimus,
809 1365 857 1406 art
866 1374 926 1405 eam

117 1427 422 1487 compulsipeceaes'rnas.
459 1427 526 1487 Teos,
538 1427 632 1484 inquit,
647 1441 693 1473 oro
704 1434 742 1483 te,
758 1430 815 1487 puis
823 1441 926 1486 perpu-

119 1496 160 1553 nt,
170 1501 201 1541 ut
208 1494 237 1539 s'et
244 1496 425 1549 reremaneret,
436 1495 511 1554 quand,
520 1494 799 1555 prs'nrquarnfaeeres,
807 1501 924 1554 peteres,

117 1570 148 1609 at
157 1559 354 1623 ignosceretur?
389 1565 412 1605 5.
431 1561 563 1619 Scriptum
572 1566 612 1607 est
625 1561 675 1608 hoc
689 1560 716 1607 iu
725 1562 793 1608 libro
805 1560 925 1608 cornelii

117 1629 229 1690 Nepotis
238 1628 276 1674 lle
286 1627 438 1675 illustribus
448 1628 530 1675 Viris.
899 1647 901 1652 ·

60 1819 65 1830 ’
145 1827 253 1875 Historia
268 1832 294 1873 sle
308 1759 400 1882 legati?
404 1759 485 1871 M⁴ste1ti
496 1762 524 1871 eltJ
536 1759 687 1871 fflmolul'fm
700 1827 803 1881 rhetore,
822 1827 847 1873 in
859 1827 926 1873 tibiis

175 1886 380 1940 Critolaireperta.

153 1967 178 2012 1.
196 1962 328 2009 Critolaus
339 1960 455 2021 scripsit,
470 1961 570 2019 legatos
580 1961 674 2006 Mileto
684 1960 803 2019 publicae
812 1961 851 2008 rei
862 1976 927 2008 cau-

117 2046 147 2079 sa
157 2031 262 2079 venisse
272 2027 400 2089 Athenas,
417 2024 576 2092 [fortassean
588 2027 698 2085 dixerit]
710 2028 806 2075 auxilii
819 2029 926 2087 petendi

117 2098 211 2159 gratia.
246 2098 325 2152 Tum,
345 2095 388 2153 qui
397 2109 444 2154 pro
455 2109 511 2142 sese
527 2097 605 2141 verba
616 2097 745 2149 lacerent,
764 2108 829 2153 quos
840 2096 927 2142 visum

118 2169 185 2221 erat,
195 2164 344 2210 advocasse.
379 2164 537 2221 Advocatos,
551 2161 590 2208 uti
601 2164 656 2208 erut
667 2165 826 2218 mandatum,
844 2166 927 2210 verba

118 2245 166 2292 pro
183 2230 297 2277 Milesiis
312 2230 342 2275 usl
357 2230 483 2288 populum
496 2229 599 2275 fecisse.
636 2230 834 2276 Demosthenem
845 2231 926 2276 Mile·

119 2301 218 2347 siorum
235 2296 376 2355 postulatis
393 2298 488 2343 acriter
502 2297 684 2355 respondisse,
704 2312 787 2355 nequo
802 2298 926 2344 Milesios

119 2364 223 2413 auxilio
239 2364 340 2421 dignos,
359 2377 441 2421 neque
456 2377 489 2410 ex
499 2364 633 2421 republica
642 2364 670 2410 isl
680 2378 737 2410 esse
748 2366 926 2411 contendisse.

118 2436 183 2481 Rem
200 2430 374 2488 inposterum
394 2431 461 2477 diem
474 2432 613 2489 prolatam.
652 2433 764 2490 Legatos
780 2432 812 2478 ad
827 2433 927 2478 Demo-

119 2498 236 2546 sthenem
245 2496 358 2554 venisse,
377 2511 523 2555 magnoque
535 2512 613 2555 opere
624 2512 722 2559 orasse,
739 2499 779 2545 uti
790 2502 880 2545 contra
891 2512 926 2545 ne

119 2566 226 2611 diceret.
261 2562 326 2606 Eum
336 2564 471 2619 pecuniam
483 2565 622 2624 petivisse,
638 2570 677 2627 et,
692 2570 811 2623 quantam
822 2566 926 2625 petive-

119 2635 173 2686 rat,
193 2626 344 2675 abstulisse.
379 2630 525 2689 Postridie,
547 2646 603 2678 eum
618 2646 660 2677 res
674 2633 716 2691 agi
732 2634 816 2680 denuo
832 2636 927 2691 coepta

119 2698 197 2760 esset,
210 2692 417 2755 Demosthenem,
430 2697 493 2744 lassa
501 2698 582 2744 multa
593 2700 688 2746 collum
698 2700 862 2760 cervicesque
873 2700 928 2747 cir-
