2067 3034
160 155 211 207 252
373 162 375 166 ’
409 158 520 207 sunl
556 158 714 206 GELLII

162 277 269 335 diorque
284 277 356 323 ieret
370 277 513 338 sententia3
534 282 561 325 et
575 277 705 335 acciperet
718 275 819 334 aliquid
837 277 922 325 iustae
940 279 968 324 in

158 345 291 392 audiendo
300 345 523 403 exspectationis3
543 348 567 391 9.
580 358 649 390 nunc
659 347 744 390 autern
758 346 838 391 verbo
847 344 911 394 haec
921 362 972 395 τω.

157 414 218 474 pide
235 415 263 458 et
275 418 385 471 temere,
404 412 540 469 inquibus
555 411 642 458 verbis
657 424 732 456 omne
752 417 910 459 momentum
927 412 969 458 rei

163 482 211 539 est,
222 493 274 525 non
286 478 312 524 in
325 479 503 525 concludenda
517 478 647 525 sententia
662 480 760 524 tentum
771 478 902 540 dicuntur;
922 482 970 525 sed

159 560 241 605 {upra
255 557 355 602 qnoque
374 546 490 591 nondum
509 546 658 592 desiderata
676 548 819 603 ponuntur:
842 548 881 605 et,
901 559 970 604 quae

159 614 235 659 nasei
250 613 365 669 oririque
380 625 415 659 ex
429 612 487 670 ipsa
499 612 540 658 rei
556 612 727 670 conceptione
744 612 886 673 debebant,
906 618 970 659 ante

160 681 278 737 omnino,
290 692 363 736 qnam
370 692 414 725 res
424 680 550 738 postulat,
561 680 690 725 dicuntur.
712 680 776 724 Nam
787 679 879 737 quiite
889 680 970 726 dicit:

141 781 144 787 ,
162 749 188 795 εἰ
195 747 243 793 hoc
251 748 366 809 feceris,
382 746 474 805 cupide
481 747 583 809 fecisse
597 746 706 793 diceris:
724 759 780 791 rem
795 747 859 792 dicit
874 760 970 793 sensus

160 814 273 860 alienius
283 814 384 860 ratione
394 814 532 859 collectam
543 815 569 859 et
578 815 732 859 confectam:
752 813 795 871 qui
805 827 869 859 vero
879 814 918 861 ita
929 814 970 859 di·

158 881 211 928 ‘citt
229 884 254 927 as'
262 881 352 940 capide
359 881 475 943 feceris,
489 880 687 943 cupidefeea‘ase
699 880 807 926 diceris:
825 894 879 926 non
889 882 970 939 longe

161 961 239 995 secus
250 948 325 1007 dicit,
345 951 423 1004 atque
437 948 459 993 si
474 948 588 994 diceret:
607 947 630 993 si
644 947 736 1005 cupide
748 947 854 1007 feceris,
874 948 969 1007 cupide

159 1015 267 1062 *fecerim
296 1018 336 1061 lo.
352 1017 422 1061 Haec
431 1028 490 1073 ego,
500 1014 593 1071 inquit,
603 1014 734 1068 admonui,
744 1029 797 1059 non
808 1017 838 1060 ut
848 1017 876 1059 G.
887 1015 970 1062 Grac·

163 1083 211 1128 eho
222 1083 287 1128 vitio
298 1084 398 1139 darem3
411 1078 463 1145 (dii
472 1082 542 1127 enim
551 1084 663 1127 mentem
671 1082 805 1128 meliorem
815 1081 889 1129 mihi!
899 1096 969 1140 nam,

159 1150 186 1195 si
197 1150 334 1207 quidquam
344 1149 371 1194 in
381 1151 433 1194 tam
443 1149 518 1194 fortia
534 1147 670 1194 facundiae
680 1148 737 1194 viro
749 1148 806 1194 vitii
817 1150 860 1195 vel
870 1149 970 1195 erroris

160 1231 222 1264 esse
241 1217 291 1262 dici
305 1218 404 1274 potest,
424 1216 450 1260 id
468 1229 544 1263 omne
559 1219 586 1260 et
598 1215 817 1261 auctoritssteius
835 1215 969 1273 exhausit,

161 1286 191 1331 et
200 1286 315 1330 vetustus
326 1281 491 1340 consumite)
503 1282 549 1328 sed
561 1283 600 1328 uti
615 1282 755 1337 caveretis,
773 1297 806 1328 ne
824 1297 870 1329 vos
888 1284 970 1330 facile
990 1307 995 1316 v

161 1350 365 1410 praestringeret
374 1350 521 1395 modulatus
531 1348 625 1406 aliquis
639 1350 768 1396 currentis
778 1351 915 1396 facundiae
925 1363 970 1396 so-

160 1418 248 1475 nitus3
269 1422 343 1475 atque
353 1420 383 1463 ut
395 1417 445 1463 vim
458 1416 541 1475 ipsam
549 1430 636 1461 rerum
644 1416 818 1474 virtutemque
829 1420 969 1464 verborum

162 1485 237 1545 prius
247 1484 428 1543 pensitaretis:
447 1487 481 1541 et,
498 1483 521 1528 si
533 1484 635 1540 quidem
644 1485 731 1541 gravis
744 1488 819 1541 atque
830 1484 933 1543 integra
943 1487 971 1530 et

160 1552 267 1598 sincera
277 1552 405 1597 sententia
416 1550 553 1607 diceretur,
563 1556 625 1610 tum,
636 1549 660 1595 si
671 1550 708 1597 ita
717 1548 859 1609 dideretur,
870 1551 969 1610 gresu-

161 1620 211 1665 irus
226 1632 326 1677 quoque
341 1618 405 1677 ipsis
420 1618 549 1663 orationis
567 1620 595 1663 et
613 1618 728 1675 gestibus
748 1619 923 1677 plauderetis:
942 1620 968 1665 si

163 1699 228 1732 uero
244 1685 335 1744 frigidi
349 1689 376 1731 et
389 1686 462 1730 leves
476 1687 503 1730 et
516 1683 608 1731 futiles
618 1698 712 1731 sensus
723 1685 751 1731 in
761 1688 840 1732 verbs
850 1689 909 1745 apte
918 1699 969 1732 nn-

159 1766 314 1811 meroreque
325 1753 411 1811 posito
421 1752 624 1809 includerentur,
631 1765 684 1798 non
693 1766 750 1798 esse
761 1752 786 1797 id
798 1767 871 1799 secus
878 1754 969 1799 erede-

161 1820 239 1876 retis,
258 1834 333 1879 quem
344 1834 399 1866 cum
410 1819 526 1864 homines
536 1819 633 1876 insigni
644 1820 808 1867 deformitate
823 1821 856 1867 ad
868 1821 967 1867 iacien-

162 1889 195 1935 da
204 1888 317 1935 ridicule
327 1887 461 1934 imitantur
471 1886 612 1932 histriones
621 1889 648 1931 et
673 1887 779 1933 estiunt.

412 2047 596 2099 CAPUT
633 2046 718 2100 XIV.

106 2156 108 2162 1
161 2131 246 2177 Sobria
260 2139 284 2177 et
288 2131 446 2190 pulcherrima
454 2131 551 2175 reomela·
562 2130 622 2187 regis
638 2130 753 2187 responsio
759 2129 828 2194 xcirca
837 2127 887 2173 visai
893 2143 966 2174 nsum

196 2230 219 2273 1.
238 2226 435 2286 Simplicissima
448 2219 577 2272 sudvitete
591 2228 618 2271 et
631 2225 672 2272 rei
686 2228 712 2271 et
722 2223 850 2270 orationis
861 2222 891 2267 L.
902 2222 967 2268 Piso

161 2293 242 2351 Frugi
253 2308 315 2341 usus
326 2294 400 2340 estin
413 2294 494 2351 primo
505 2292 611 2348 Annali,
622 2308 678 2339 cum
688 2294 720 2339 de
729 2290 833 2338 Romuli
843 2291 915 2348 regis
925 2290 967 2336 vi-

160 2364 187 2406 to
197 2365 274 2418 atque
284 2362 355 2407 victu
366 2362 498 2408 scriberet.
534 2361 574 2407 Es
583 2363 675 2418 verba,
691 2374 755 2417 quae
766 2357 886 2416 scripsit,
900 2356 966 2403 haec

160 2430 233 2473 sunt:
261 2431 284 2473 2.
297 2428 409 2475 Eundem
422 2429 555 2475 Romulum
566 2429 658 2485 dimna,
675 2429 711 2474 ad
719 2440 824 2474 coenant
834 2431 968 2478 vocatum,

159 2495 197 2539 idi
204 2508 255 2539 nnn
266 2498 371 2542 nerslmm
381 2496 481 2554 bibisse,
497 2498 561 2556 quia
567 2496 694 2554 postridie
705 2497 835 2555 negotium
845 2492 967 2539 haberet.

160 2560 198 2606 Es·
206 2560 306 2606 dicunt:
326 2563 446 2619 Romule,
457 2566 481 2608 st'
489 2565 561 2609 istud
570 2577 655 2611 onmes
664 2564 776 2609 domines
781 2564 895 2623 faciant
900 2590 910 2615 ,
924 2560 968 2604 cr*-

160 2642 219 2674 mem
230 2629 306 2674 vilius
316 2632 359 2674 sit.
382 2628 410 2674 Is
420 2631 566 2686 respondit:
580 2632 655 2676 imum
665 2646 726 2676 vero
737 2642 837 2686 carum,
848 2630 874 2674 sa·
881 2641 969 2687 quan·

161 2702 214 2741 tum
223 2697 328 2757 quisquc
338 2695 416 2752 volet,
426 2696 514 2762 bibat:
534 2712 596 2743 nam
611 2713 656 2760 ego
669 2699 734 2759 bibi,
751 2702 876 2759 quantum
886 2693 967 2742 uolui.
