2067 3034
262 139 344 186 ΜΒ.
364 137 446 186 xlx,
482 139 572 185 GAP.
591 141 634 187 13.
798 139 850 193 443

290 285 477 340 CAPUT
511 287 602 340 Xlll.

109 371 168 421 Quos
173 368 349 427 pumiliones
361 375 467 423 mesnuu,
481 370 568 415 Graece
577 372 653 418 νιὶνους
662 372 784 428 appellari.

77 464 103 509 1.
122 462 231 508 Stabant
245 460 313 507 torte
327 473 380 507 una
393 459 423 506 in
438 461 570 508 vestibulo
588 462 684 510 Palatii
703 463 850 511 fabulantes
894 499 896 502 ψ
934 461 937 464 ’

29 528 143 577 Fronto
153 528 303 585 Cornelius,
321 529 347 573 et
357 528 451 574 Festus
462 519 624 589 Postumiu‘s,
645 533 672 576 et
687 530 850 589 Apollinaris

34 596 188 655 Sulpicius.
222 596 305 652 Atque
316 607 364 652 ego
375 593 411 640 ibi
422 595 546 641 assistens
557 598 850 659 eumquibusdamaliis,

35 663 177 711 sermones
188 676 287 719 earum,
296 674 361 719 quos
372 661 403 708 tle
412 662 548 709 literarum
559 662 705 722 disciplinis
714 665 850 720 habebant,

36 730 174 778 curiosius
191 731 331 787 captabam.
366 731 391 775 2.
407 730 476 775 Tum
491 730 591 776 Fronto
609 731 774 789 Apollinari:
798 732 851 778 Fae

35 812 93 857 me,
104 796 197 856 iuquit,
208 809 263 857 oro,
274 794 408 853 magister,
418 797 448 842 ut
457 795 506 842 sim
516 799 616 853 aestus,
632 811 664 844 an
677 801 746 844 reete
758 811 850 856 super·

40 864 159 913 sederim
168 876 251 910 aanor
261 861 361 921 dicere,
371 874 452 919 parra
462 862 540 909 nimis
550 865 649 911 statma
659 864 786 920 homines,
795 878 851 911 ma-

40 931 192 990 luerimque
202 942 248 977 eos
255 930 410 988 pumiliones
424 930 570 992 appellare,
588 931 709 988 quoniam
721 932 771 978 hoo
784 933 850 978 seri-

40 1002 184 1060 ptumessa
198 996 227 1044 in
245 995 454 1044 libris-veterum
472 997 649 1044 memineram:
667 1013 751 1046 nenos
765 1001 851 1045 autem

42 1066 178 1116 sordidum
195 1077 253 1112 esse
270 1065 378 1111 verbum
391 1065 418 1111 et
430 1064 570 1112 barbarum
581 1066 724 1112 credebam.
759 1067 783 1112 3.
801 1065 851 1112 list

42 1133 158 1194 quidem,
168 1132 261 1191 inquit,
271 1132 330 1190 hoo,
339 1130 518 1192 Apollinaris,
533 1131 562 1177 in
572 1132 758 1179 consuetudine
769 1131 851 1190 impe-

35 1201 88 1249 riti
98 1201 174 1260 vulgi
189 1201 324 1259 frequens,
339 1198 384 1245 sed
399 1200 535 1246 barbarum
543 1212 598 1245 aon
607 1201 660 1257 est,
679 1202 850 1256 censeturque

40 1270 149 1327 linguae
161 1268 273 1313 Graecae
284 1265 399 1325 origine3
408 1258 499 1318 susara
508 1267 578 1313 enim
585 1266 678 1314 Graeci
690 1269 852 1314 vocaverunt

41 1334 118 1383 brevi
128 1336 204 1392 atque
216 1332 309 1380 humili
324 1344 432 1389 corpore
441 1332 577 1389 homines,
597 1334 702 1392 paulum
711 1334 852 1391 suprater-

41 1415 100 1449 rain
110 1401 258 1457 exstantem
277 1399 353 1456 idque
366 1399 403 1443 ita
414 1399 550 1458 dixerunt,
564 1400 679 1446 adbibita
689 1401 797 1457 quadam
806 1412 850 1445 ra-

42 1468 119 1515 tione
128 1465 314 1526 etymologiae,
324 1479 381 1512 eum
391 1465 521 1511 sententia
535 1467 659 1514 vocabuli
674 1467 849 1525 competente;

44 1537 81 1593 st,
92 1534 116 1581 si
125 1533 259 1593 memoria,
269 1532 362 1591 inquit,
382 1531 447 1578 mihi
455 1546 508 1578 non
517 1533 603 1588 labat,
618 1533 744 1591 seriptum
752 1533 801 1579 hoo
811 1535 852 1580 est

42 1603 74 1649 in
84 1600 219 1648 comoedia
227 1598 419 1658 Aristophanis,
431 1599 473 1645 cui
483 1613 578 1647 nomen
587 1593 745 1660 esfflxlaejr.
771 1600 851 1646 Fuis-

41 1668 86 1718 set
95 1670 182 1715 autem
195 1670 302 1715 verbum
316 1667 367 1712 hoe
380 1680 396 1711 a
410 1667 435 1713 te
450 1666 555 1714 civitate
565 1668 695 1725 donatum,
706 1669 752 1714 aut
761 1666 790 1713 in
799 1667 851 1713 La·

42 1737 127 1783 tinam
137 1734 269 1782 coloniam
277 1734 429 1789 leduetum,
449 1733 552 1781 sitneo
570 1735 611 1781 nti
631 1735 753 1794 dignatus
768 1735 850 1793 iores,

41 1805 164 1861 essetque
173 1802 200 1849 id
210 1800 340 1860 impendia
359 1800 536 1859 probabilius,
554 1815 629 1858 mam
638 1815 702 1859 quae
712 1814 728 1847 a
737 1800 850 1847 Laberio

41 1868 173 1930 ignobilia
189 1868 268 1916 nimis
285 1871 312 1914 et
326 1867 461 1914 sordentia
475 1868 503 1914 in
519 1881 594 1914 usum
613 1867 720 1926 linguae
739 1867 849 1913 Latinae

41 1935 194 1985 intromissa
203 1937 272 1983 sunt.
306 1937 331 1980 4.
348 1936 413 1980 Tum
422 1934 516 1980 Festus
524 1935 671 1987 Postumius
680 1935 849 1994 grammatico

42 2003 157 2064 ouipiam
166 2003 271 2064 Latino,
280 2001 423 2049 Frontonis
434 2001 573 2049 familiari:
583 2002 687 2061 Docuit,
697 2001 789 2060 inquit,
800 2013 849 2046 nos

43 2071 215 2132 Apollinaris,
234 2083 317 2117 naues
334 2072 441 2116 verbum
451 2070 577 2115 Graecum
588 2083 657 2128 esse3
676 2073 705 2114 tu
714 2081 764 2114 nos
775 2068 849 2125 doce,

42 2140 72 2186 in
82 2153 132 2198 quo
143 2140 174 2186 ‹le
183 2137 271 2198 mulis,
277 2138 322 2183 aut
332 2136 450 2196 equuleis
459 2136 642 2183 humilioribus
654 2136 733 2193 vulgo
745 2135 849 2192 dieitur,

42 2218 111 2253 anne
130 2205 252 2252 Latinum
268 2204 312 2266 sit,
330 2206 358 2250 et
373 2203 440 2263 apud
458 2217 535 2261 quem
552 2203 676 2261 scriptum
694 2201 848 2260 reperiatur.
912 2233 915 2244 t

43 2277 68 2321 5.
87 2274 173 2332 Atque
183 2272 232 2319 ille
241 2271 435 2332 grammaticus,
450 2270 528 2316 bomo
544 2283 607 2317 sane
624 2282 747 2328 perquam
757 2268 786 2314 in
800 2281 850 2315 no·

42 2341 144 2389 meniis
159 2340 291 2387 veteribus
306 2338 411 2398 seriptis
431 2337 576 2384 exereitus:
595 2337 624 2383 Si
640 2336 784 2395 piaculum,
807 2335 849 2381 iu·

44 2407 113 2470 quit,
131 2421 185 2455 uon
198 2405 385 2464 summittitur,
404 2405 543 2464 praesento
559 2404 726 2463 Apollinare,
744 2401 805 2460 quid
816 2401 848 2447 de

44 2487 109 2522 voee
120 2476 177 2522 ulla
187 2476 286 2522 Graeca
295 2472 420 2519 Latinave
435 2472 557 2532 seutiam,
578 2472 678 2527 disere,
697 2470 780 2516 audeo
790 2468 848 2527 tibi,

43 2541 131 2597 Feste,
147 2541 283 2600 quaerenti
292 2540 463 2599 respondere,
474 2552 531 2587 esse
541 2541 590 2585 boo
599 2540 707 2585 uerbum
714 2536 847 2594 Latinum,

44 2603 848 2667 scriptumqueinveniriiupoematisllelviicinnaemonigno·

42 2674 105 2723 bilis
117 2688 202 2735 aequa
220 2674 320 2726 indocti
334 2673 443 2737 poitae3
460 2687 601 2734 versusque
621 2672 678 2721 eius
687 2672 759 2732 ipsos
769 2668 848 2727 dixit,
