2067 3034
121 126 179 194 'stt
337 198 340 202 ,
377 144 484 191 auur
518 131 678 191 aunan
721 141 723 150 ’

127 264 206 321 dique
221 260 368 320 indagantiq
388 261 454 318 alia,
471 275 526 307 cnm
536 265 641 307 senatus
652 262 683 306 de
692 257 826 319 republica
836 271 934 307 consu-

126 329 206 389 litur,
228 329 285 375 vira
299 328 452 375 auctoritate
466 329 609 386 praestanti
623 328 759 374 sententiis
770 328 934 384 quarundam

125 395 298 455 iniquissimis
312 399 443 454 pennata,
460 398 488 440 et
496 408 543 453 pra
554 395 712 440 utilitatibus
721 394 833 452 publicis
843 407 873 441 aa
882 407 933 452 pra

128 465 214 513 salute
232 461 361 509 sociarum
374 461 489 521 graviter
503 475 533 508 ae
548 462 630 507 libere
646 460 794 519 indignanti
808 460 886 507 simul
900 474 934 508 ae

128 529 240 577 dolenti.
274 532 314 574 19.
332 530 435 588 Quippe
446 532 515 574 recte
527 530 553 575 et
562 528 664 574 utiliter
674 528 702 573 in
713 527 861 586 disciplinis
871 527 935 574 rhe-

125 597 215 645 torum
229 595 405 655 praecipitur,
417 596 516 641 indices
526 595 558 641 de
568 596 652 653 capite
663 596 750 641 aliena
761 595 843 653 deque
853 605 935 642 causa
962 632 966 639 .

129 665 164 711 ad
178 677 236 711 sese
250 664 305 709 non
319 662 461 720 pertinenti
470 662 636 722 cognituros,
657 675 690 708 ex
701 676 751 719 qua
760 663 864 721 praeter
875 663 934 707 atli-

129 732 198 779 eium
213 730 347 776 iudicandi
356 730 423 776 nibil
436 730 469 775 ad
479 742 525 774 eos
537 729 579 774 rel
589 728 699 786 periculi
710 729 754 775 vel
764 728 935 776 emolumenti

128 798 333 846 redundaturum
350 800 401 854 est,
429 796 609 842 conciliandas
627 809 684 842 esse
702 810 731 842 aa
749 795 934 854 propitiandae

128 863 298 914 laudabiliter
307 877 337 909 ac
347 863 509 923 placabiliter
520 866 547 909 et
555 862 651 909 leniter
661 863 850 909 existimationi
859 863 933 909 salu-

124 934 201 991 ,tique
214 931 284 986 eius,
297 931 341 989 qui
355 931 424 990 apud
439 943 483 977 eas
494 932 629 976 accusatus
639 932 688 976 cst.
723 932 764 975 20.
782 930 815 975 At
825 944 882 976 cunr
892 930 935 976 di·

128 999 215 1060 guttas
229 1001 255 1045 et
269 998 330 1044 tides
344 1000 371 1045 ct
383 998 485 1043 utilitas
500 996 615 1043 amnium
630 997 770 1044 communis
784 997 878 1055 agitur}
897 999 933 1044 ab

129 1080 235 1124 eamque
249 1078 304 1112 rem
316 1067 361 1111 sut
373 1064 533 1111 suadendum
547 1063 610 1122 quid
624 1066 655 1110 ut
669 1065 725 1120 liat,
753 1067 798 1109 aut
810 1064 866 1110 ieri
880 1064 934 1111 isra

129 1137 222 1192 coepta
233 1132 404 1179 differendum
414 1134 466 1178 ests
479 1133 534 1177 tum
543 1130 588 1189 qui
598 1137 627 1177 se
637 1131 664 1177 in
673 1131 852 1189 huiuscemodi
860 1131 934 1189 prin-

130 1200 208 1259 cipiis
218 1201 338 1257 occupat,
357 1203 387 1245 ut
396 1198 538 1246 benevolas
552 1198 729 1257 benignosque
739 1198 787 1244 sibi
798 1198 933 1244 auditores

127 1270 217 1327 paret,
235 1266 346 1312 otiosam
359 1271 464 1323 op'eram
477 1265 505 1312 in
517 1279 571 1312 nan
584 1265 739 1312 necessariis
751 1265 834 1311 verbis
844 1265 934 1312 sumit·

128 1338 171 1381 ill.
179 1332 326 1380 iamdudum
335 1332 403 1380 enim
412 1333 519 1391 negatis
528 1332 695 1391 periculaque
704 1332 762 1390 ipsa
769 1346 853 1378 rerum
862 1345 934 1378 com-

127 1400 217 1447 munia
231 1400 351 1446 consiliis
368 1413 415 1446 eas
430 1399 564 1458 capiendis
575 1399 728 1445 conciliant:
747 1403 774 1445 et
784 1398 834 1457 ipsi
844 1398 933 1457 potius

128 1467 180 1514 sibi
190 1463 337 1525 exposcunt
346 1467 504 1515 consultatio
514 1465 731 1514 benevolentiam.
749 1468 790 1511 22.
801 1467 853 1512 Sed
861 1466 933 1523 quad

128 1535 180 1593 sit,
194 1535 342 1583 contessum
353 1536 490 1593 Catonem,
503 1534 623 1582 noluisse
633 1533 794 1579 Rhodienses
804 1533 841 1579 its
851 1533 933 1591 depo·

128 1601 212 1660 gnari,
222 1600 261 1647 uti
272 1602 442 1660 depugnatum
453 1604 500 1658 est,
507 1615 591 1659 neque
601 1601 794 1658 regemPersen
804 1614 820 1645 a
830 1599 931 1659 popula

126 1670 244 1716 Romana
254 1667 416 1729 vinci‚atque
426 1669 453 1713 id
463 1681 522 1714 eum
532 1668 632 1715 dixisse
641 1680 695 1713 nan
705 1667 866 1713 Rhodienses
875 1680 932 1712 ma-

129 1736 172 1792 da,
186 1735 231 1798 sed
239 1736 334 1781 multas
343 1748 444 1792 quaque
454 1736 521 1783 alias
530 1735 650 1781 nationes
660 1735 784 1790 noluisse,
798 1735 844 1780 sed
854 1734 880 1779 id
890 1733 932 1779 ni-

127 1803 167 1850 bil
181 1804 214 1851 ad
226 1803 387 1861 purgandum
400 1803 626 1850 extenuandumve
645 1802 741 1848 crimen
759 1802 860 1848 valere:
880 1801 932 1847 iam

126 1871 178 1916 hoc
191 1871 300 1928 primum
316 1869 379 1916 Tira
393 1868 509 1927 improbe
523 1870 654 1916 mentitur.
676 1871 730 1914 23.
753 1869 838 1915 Verba
856 1868 932 1927 ponit

128 1937 246 1985 Catonis:
255 1940 282 1983 et
293 1936 353 1982 aliis
364 1939 517 1983 tamencum
529 1936 614 1982 verbis
624 1935 805 1981 calumniatur.
823 1936 932 1982 24.Nan

128 2004 267 2052 enimenta
279 2002 588 2058 canttetur,lllradienscs
597 2003 714 2049 noluisse
725 2001 860 2048 victoriam
871 2014 932 2047 essa

126 2070 221 2129 papuli
231 2069 349 2128 Romani,
363 2070 409 2116 sed
419 2083 475 2117 sesa
486 2070 608 2117 arbitrari
619 2069 696 2128 dixit,
710 2068 737 2115 id
746 2062 792 2115 eos
802 2067 930 2128 noluisse,

127 2137 198 2195 quad
217 2140 272 2182 erat
288 2138 380 2195 procul
398 2136 475 2183 dubio
490 2149 553 2183 suae
567 2136 700 2195 opinionis
714 2135 859 2195 professio,
876 2148 932 2182 nan

126 2202 313 2252 Rhodiensium
323 2204 415 2261 culpae
426 2204 567 2250 confessio.
602 2207 645 2249 25.
663 2206 692 2250 ln
702 2217 751 2260 qua
761 2218 798 2258 rc,
808 2207 837 2248 ut
845 2215 930 2248 meum

128 2268 231 2328 quidem
242 2269 367 2320 iudicium
376 2273 424 2324 est,
434 2283 486 2315 nan
497 2271 574 2328 culpa
582 2272 683 2317 tantum
692 2270 826 2330 racat‚sed
836 2264 931 2327 diguus

127 2349 230 2394 quaque
240 2335 317 2382 laude
327 2336 547 2394 admirationeque
559 2340 609 2396 est3
626 2350 683 2383 cam
693 2341 720 2383 et
729 2337 842 2395 ingenue
852 2338 878 2382 et
886 2348 929 2381 re-

126 2399 223 2461 ligiose
234 2402 322 2448 dicere
332 2402 404 2448 visus
414 2406 454 2450 cst
464 2408 554 2451 cantra
562 2405 736 2462 ananienses,
751 2404 818 2462 quad
833 2403 929 2450 sentie-

126 2471 179 2528 bat,
191 2472 217 2515 et
227 2471 298 2526 parta
311 2468 360 2514 sibi
369 2469 489 2516 veritatis
500 2472 563 2528 tide,
578 2471 662 2530 ipsum
672 2471 739 2518 illud
748 2474 847 2528 tamen,
860 2470 929 2529 quod

128 2535 286 2583 contrarium
295 2537 439 2596 putabatur,
450 2537 527 2592 tlcxit
535 2542 560 2584 et
569 2540 716 2586 transtulit:
734 2542 763 2585 ut
773 2552 819 2585 eos
830 2538 929 2586 idcirco

126 2603 170 2649 rel
187 2601 298 2650 maxime
310 2615 424 2658 aequum
442 2609 510 2650 esset
524 2606 684 2663 acceptiores
698 2607 863 2664 carioresque
873 2604 928 2651 teri

125 2671 223 2730 populo
238 2668 369 2724 Romano,
389 2671 471 2731 quod,
491 2685 548 2718 cum
561 2676 587 2719 et
600 2674 681 2721 utiles
695 2677 783 2721 essent
792 2676 819 2721 et
829 2673 929 2720 vellent
