2067 3034
142 118 195 174 436
395 117 502 167 sun!
538 113 697 166 Gubul!

143 252 201 288 esse
216 237 245 285 in
261 237 326 284 ullis
341 238 459 283 veterum
476 236 552 284 libris
567 235 750 297 existimaret,
766 235 813 282 sed
831 239 864 283 nt
882 230 964 287 nobis

145 306 259 354 studium
270 303 409 351 lectitandi
419 303 447 349 in
456 304 613 361 quaerendis
623 302 769 349 rarioribus
780 306 872 350 verbis
883 319 964 353 exer-

145 376 226 421 ceret.
260 370 303 423 15.
323 369 399 424 Quod
409 383 490 417 unum
500 384 563 430 ergo
573 370 735 417 rarissimum
745 368 903 432 videbatur,
920 373 964 419 in.

144 440 263 487 venimus
283 437 438 499 quadrigam
455 451 564 484 numero
584 437 714 496 singulari
732 437 829 484 dictam
845 438 876 484 in
890 439 963 486 libro

146 510 296 567 Satyrorum
306 506 342 550 M.
349 504 485 563 Varronis,
495 504 539 563 qui
550 505 691 563 inscriptus
701 503 963 553 estExdemetrieus

145 578 189 622 18.
212 573 315 620 Arentes
334 575 421 618 autem
439 568 623 632 πληθυντικῶς
643 572 727 617 dietas
745 571 852 618 minore
873 573 963 620 studia

145 640 303 701 quaerimus,
314 638 375 695 qnia
385 640 489 697 praeter
500 641 527 685 G.
537 640 683 699 Caesarem,
693 638 764 695 qnod
773 638 963 697 equidemme·

146 708 274 770 minerim,
289 719 365 753 nemo
375 705 401 753 id
412 707 547 753 doctorum
556 706 689 753 lominum
699 703 786 752 dedit.i

147 908 275 954 Astomi
280 906 392 953 lulloni
382 921 407 951 sn
417 907 522 953 ιοιιιιίιιίο
537 910 571 952 ad
582 912 692 967 quosdam
703 905 806 950 Graecos
815 906 961 965 lepidissima

204 965 327 1023 responsio.

185 1044 207 1091 Ι.
224 1042 386 1091 Adolescens
399 1056 414 1089 e
427 1043 498 1089 terra
512 1041 588 1101 Asia,
609 1042 641 1088 de
658 1040 772 1099 equestri
782 1041 856 1101 loeo,
874 1042 960 1089 laetae

147 1110 260 1169 indolis,
278 1111 442 1166 moribusque
454 1112 480 1155 et
490 1110 596 1156 fortuna
605 1112 670 1156 bene
683 1110 803 1166 ornatus,
823 1113 852 1156 et
862 1110 897 1156 ad
906 1124 959 1157 ren

146 1177 272 1227 musicam
286 1172 383 1224 facili
376 1176 484 1235 ingenio
495 1190 526 1221 ao
536 1176 641 1234 libenti,
661 1189 767 1222 coenam
777 1175 860 1224 dabat
869 1178 959 1225 amieis

148 1259 178 1293 ao
188 1244 319 1305 magistris
330 1229 387 1306 [sub
396 1243 492 1322 nrbe]·'
484 1256 513 1288 ιιι
522 1244 638 1300 rusculo,
647 1244 819 1290 celebrandae
829 1243 902 1290 lueis
913 1259 957 1291 su·

147 1325 230 1372 puae,
250 1324 324 1370 quam
338 1309 387 1356 sibi
396 1309 540 1368 prinoipem
551 1310 620 1357 vitae
630 1311 762 1357 habuerat
798 1313 824 1357 2
843 1313 958 1359 Venerat

148 1384 203 1427 tum
213 1378 348 1427 nobiscum
357 1378 389 1423 ad
399 1390 456 1423 eam
466 1390 574 1423 coenam
588 1378 718 1423 Antonius
728 1377 847 1424 lulianus
858 1379 957 1443 rhetor,

149 1446 272 1494 docendis
284 1445 388 1504 publice
399 1445 537 1492 iuvenibus
546 1444 684 1504 magister,
705 1445 824 1502 Hispano
835 1459 897 1507 ore,
911 1448 957 1493 sso-

148 1514 282 1571 rentisque
291 1513 368 1559 homo
383 1512 533 1568 facundiae,
552 1514 579 1557 et
587 1526 676 1558 rernm
685 1511 876 1571 literarumque
887 1519 956 1561 rete-

147 1579 322 1638 rumperitus.
349 1583 373 1626 3.
388 1581 422 1635 Is,
432 1580 478 1626 ubi
487 1579 584 1626 eduliis
593 1578 661 1638 finis,
677 1582 704 1625 et
713 1578 817 1637 poculis
827 1593 894 1627 mox
903 1595 957 1627 ser.

147 1647 318 1704 manibusque
328 1648 427 1704 tempus
437 1645 501 1703 luit,
516 1645 677 1693 desiderarit
686 1645 815 1707 exhiberi,
832 1661 903 1705 quos
913 1648 957 1695 lis·

147 1717 208 1763 bere
229 1727 286 1761 eum
302 1712 494 1760 adolescentem
513 1713 626 1769 sciebat,
644 1713 800 1760 scitissimos
819 1715 955 1774 utriusque

148 1794 239 1843 sexus,
250 1795 294 1840 qur
286 1780 428 1828 canerent
438 1793 511 1841 voce,
522 1783 549 1827 et
557 1795 601 1838 qur
592 1781 764 1839 psallerent.
786 1783 813 1826 4.
824 1783 874 1837 Ae,
885 1786 957 1841 post»

149 1862 267 1927 esquam
271 1848 414 1896 introducti
428 1848 503 1908 pueri
517 1848 672 1906 puellaeque
685 1850 757 1908 sunt,
777 1849 957 1897 iucundumia

147 1917 252 1964 modum
257 1907 449 1979 Ἀναιρεόντεια
459 1914 594 1975 pleraque,
604 1917 631 1962 et
639 1916 776 1975 Sapphica,
782 1918 809 1961 et
818 1917 957 1974 poetarum

148 1996 252 2043 quoque
267 1981 412 2030 recentium
426 1980 524 2046 ἐλεγεῖα
539 1983 665 2039 quaedam
678 1976 802 2046 ἐρωτικά,
824 1983 915 2031 duleis
932 1989 957 2032 et

148 2054 272 2107 venusta,
287 2050 454 2097 cecinerunt
482 2053 506 2096 5.
525 2050 866 2109 Oblectatiautemsumus,
881 2063 957 2110 prse-

148 2122 189 2167 ter
198 2118 280 2166 multa
289 2116 352 2174 elia,
361 2116 501 2165 versiculis
510 2115 680 2176 lepidissimis
686 2117 863 2164 Anacreontis
873 2119 956 2165 senis:

149 2199 214 2245 quos
224 2184 343 2243 equidem
351 2183 462 2243 scripsi,
479 2185 510 2231 ut
519 2182 621 2232 interea
630 2185 705 2231 labor
714 2184 757 2230 hie
767 2184 922 2243 vigiliarum
931 2189 957 2232 et

149 2253 254 2309 inquies
261 2251 392 2299 suauitate
402 2249 536 2313 psulisper
543 2265 636 2301 rorum
646 2254 724 2311 utque
734 2251 904 2301 modulorum
914 2266 956 2302 se·

149 2320 307 2377 quiesceret·

152 2390 176 2432 6.
282 2378 607 2460 Τὸνᾶργνρωτοριῦσας,

251 2440 415 2513 Ἥφαιστε,
423 2452 600 2533 μοὶιιοίηιιον,

285 2516 439 2565 Πανοιιλίαν
448 2519 496 2583 μὲν
506 2515 579 2580 οὐχί·

287 2576 359 2624 Τί
285 2595 377 2691 Πγαρ
387 2578 496 2644 μάχαισι
506 2581 602 2650 scdsed,-

285 2641 421 2712 Ποτήριιν
429 2647 459 2699 δὲ
468 2652 565 2715 κοῖλοι,
