2067 3034
129 131 180 184 3³²
380 131 486 178 Auni
522 129 681 177 aaron

119 254 232 307 ,iactura
245 250 330 296 retum
339 261 393 296 non
402 248 496 296 inisse:
515 260 581 306 opus
591 248 669 294 etiam
679 246 827 295 censorium
837 247 941 296 fecisse

130 318 304 377 existimatus,
314 327 362 374 per
372 329 436 373 quos
447 328 479 362 eo
489 318 606 379 tempore
622 311 878 362 senatusconsultum
896 317 942 363 le-

119 388 200 436 ,etum
209 388 288 431 esset.
324 388 348 430 9.
366 383 448 429 Docet
458 381 551 428 deinde
562 381 626 427 inibi
635 383 726 438 multa,
737 382 830 440 quibus
842 383 942 429 diebus

130 451 222 501 baberi
230 451 347 500 senatum
357 450 398 496 ius
408 463 461 495 nou
472 449 518 495 sit:
534 449 720 506 immolareque
729 447 842 497 bostiam
851 450 942 508 prius,

131 519 311 579 auspicarique
331 518 436 572 debere,
455 516 499 575 qui
513 518 629 562 senatum
644 516 780 563 habiturus
794 520 876 564 esset:
906 517 941 561 de

131 588 258 643 rebusque
273 584 369 631 divinis
383 584 455 641 prius
469 596 544 641 quam
557 582 674 629 humanis
688 583 720 630 ad
733 587 851 631 senatum
863 583 942 630 rele-

132 654 240 700 rendum
248 664 318 699 esse:
337 653 392 697 tuns
405 663 483 709 porro
498 650 592 696 referri
603 652 726 708 oportere
736 655 780 697 aut
791 650 892 697 infinite
905 650 940 697 de

132 719 278 777 republica,
294 720 339 764 sut
352 718 383 765 de
391 716 505 775 singulis
516 718 594 763 reb'us
604 717 688 763 finite:
705 722 862 777 senatusque
871 730 941 766 con·

134 788 232 834 uultum
241 784 297 832 lieri
307 785 406 833 duobus
415 783 512 842 modis,
523 787 566 829 aut
575 797 622 842 per
632 784 826 847 discessionem,
838 786 861 831 si
871 797 940 831 cou-

133 853 288 900 sentirctur:
307 854 360 911 aut,
375 852 399 897 si
407 863 449 899 res
458 850 536 896 dubia
545 854 626 910 esset,
646 865 692 910 per
701 850 864 910 singulorum
874 864 940 897 sen·

130 920 228 970 ,tentiae
245 920 402 977 exquisitas:
421 918 539 976 singulos
553 919 638 965 antem
651 919 744 965 debere
757 919 859 965 consuli
873 931 938 977 gra-

134 987 227 1047 detim,
241 985 373 1045 incipique
387 999 403 1033 a
414 985 548 1031 consulari
559 985 652 1044 gradu3
671 998 707 1033 ex
716 998 765 1043 quo
775 986 855 1046 gradu
866 999 938 1031 sem-

130 1068 181 1113 per
194 1053 296 1111 quidem
312 1057 388 1101 antea
402 1052 511 1111 primurn
525 1052 613 1110 rogeri
627 1051 742 1109 solitum,
761 1053 803 1112 qni
814 1052 938 1112 princeps

134 1121 162 1167 in
172 1123 290 1169 senatum
299 1121 383 1166 lectus
393 1122 473 1165 esset:
489 1122 544 1164 tuns
553 1122 646 1179 autern,
657 1133 715 1166 cnm
724 1120 788 1165 baec
799 1119 938 1181 scriberet,

134 1201 231 1234 novum
242 1201 341 1233 morem
353 1186 499 1232 institutum
518 1187 613 1245 refert,
632 1200 679 1244 per
694 1185 859 1233 ambitionem
876 1200 939 1245 gra·
1026 1233 1027 1240 ,

135 1255 257 1314 tinuoque,
266 1257 297 1299 nt
306 1252 328 1299 is
338 1253 434 1312 primus
443 1255 585 1310 rogaretur,
597 1266 671 1310 quem
679 1266 772 1312 rogare
783 1254 874 1313 vellet,
890 1253 937 1311 qui

135 1321 241 1368 baberet
250 1324 374 1376 senatum,
385 1322 444 1366 dum
453 1319 475 1365 is
483 1322 568 1365 tamen
578 1333 611 1367 ex
621 1320 701 1378 mado
713 1321 846 1367 consulari
856 1324 936 1368 esset.

138 1390 178 1436 1⁰.
196 1388 303 1434 Praeter
316 1388 378 1433 haee
396 1386 549 1445 depignore
563 1400 663 1444 quoque
677 1387 801 1449 capiendo
818 1387 936 1451 disserit,

136 1455 217 1512 deque
225 1455 321 1501 mulcta
329 1454 438 1510 dicenda
448 1453 575 1512 senatori,
591 1453 643 1516 qui,
659 1462 718 1501 eum
726 1455 754 1501 in
763 1458 880 1502 senatum
891 1470 936 1502 ve·
1026 1485 1028 1504 t

135 1521 194 1572 nire
205 1521 316 1577 deberet,
326 1534 378 1568 non
389 1521 499 1568 adesset.
535 1522 575 1567 11.
594 1522 665 1567 llaec
676 1524 703 1567 et
712 1522 765 1568 alia
774 1522 898 1579 quaedam
909 1521 936 1571 id

136 1601 217 1648 genus
227 1587 255 1634 in
264 1588 341 1644 libro,
352 1602 401 1646 quo
413 1600 490 1652 supra
500 1586 566 1645 dixi,
575 1589 611 1634 Μ.
620 1589 704 1635 Varro
715 1589 827 1649 epistula
837 1590 870 1635 ad
882 1592 936 1648 Op·
1026 1589 1027 1602 ¹

135 1655 242 1715 pienum
252 1653 348 1713 scripta
357 1658 496 1701 exsecutus
506 1657 554 1701 est.
590 1656 630 1701 12.
649 1656 700 1702 Sed
710 1658 778 1715 quod
788 1656 838 1716 ait,
859 1670 937 1703 sena·

136 1722 324 1770 tusconsultum
334 1722 431 1768 duobus
441 1722 524 1768 modis
534 1720 590 1769 lieri
604 1723 704 1781 solere,
723 1727 767 1771 aut
781 1723 937 1781 conquisitis

136 1788 282 1847 sententiis,
297 1792 342 1840 ant
351 1803 397 1848 per
407 1789 599 1844 discessionem,
614 1803 703 1848 parum
713 1790 853 1838 convenire
862 1791 937 1838 vide·

62 1882 64 1886 .
136 1860 179 1906 tor
192 1871 249 1903 cum
265 1870 309 1913 eo,
328 1857 396 1914 quud
410 1857 510 1904 Attcius
527 1855 617 1915 Capito
632 1858 660 1903 in
674 1857 856 1905 Coniectaneis
871 1858 936 1914 scri.

136 1923 331 1984 ptumreliquit.
367 1926 407 1970 18.
426 1926 490 1971 Nara
506 1923 534 1969 in
543 1923 611 1969 libro
622 1925 797 1972 ducentesimo
808 1924 937 1984 quinqua-
1026 1923 1027 1944 ³

136 1992 235 2054 gesimo
243 2004 314 2040 nono
325 1992 488 2038 Tuberonem
500 1991 586 2036 dicere
596 1990 640 2048 ait,
652 1993 754 2040 nullam
763 1995 937 2040 senatuscon-

137 2061 233 2106 sultum
243 2058 298 2105 lieri
307 2071 395 2116 posse,
409 2072 461 2104 non
473 2057 635 2106 discessione
645 2060 726 2105 iacta:
745 2059 805 2116 qnia
815 2058 843 2105 in
853 2059 937 2106 omni·

136 2128 184 2173 bus
193 2126 439 2182 senatusconsultis,
455 2123 571 2172 etiarnin
583 2125 629 2187 iis,
649 2140 714 2184 quae
725 2139 771 2184 per
780 2126 936 2175 relationem

137 2193 236 2250 tierent,
246 2192 370 2239 discessio
382 2196 451 2239 esset
459 2191 618 2252 necessaria3
636 2192 711 2252 idque
721 2193 777 2252 ipse
788 2192 881 2252 capitu
892 2207 936 2241 ve·
1026 2205 1027 2242 ἲ

135 2273 193 2307 rum
206 2272 263 2307 esse
277 2262 391 2306 attitulat.
425 2261 477 2306 Sed
487 2261 518 2306 de
529 2259 577 2306 bac
587 2260 657 2307 omni
667 2274 695 2307 re
705 2260 759 2308 alio
770 2260 798 2308 in
808 2260 868 2308 loco
879 2261 935 2321 ple-

137 2327 197 2378 nius
206 2325 399 2385 accuratiusque
409 2339 457 2373 nos
466 2327 573 2374 memini
583 2328 708 2380 scribere.

383 2407 483 2461 GAP
499 2410 524 2461 U
541 2408 566 2459 Τ
601 2407 692 2460 Vlll.

8 2485 9 2488 ¹
167 2472 296 2523 Ueserim
304 2487 350 2541 esse
359 2475 527 2531 dissemumque,
538 2474 936 2543 capraefeccalatemmcma
1026 2517 1027 2532 ζ

8 2503 10 2640 Ι
161 2541 166 2576 j
195 2534 428 2578 amnemamnem
437 2536 579 2575 convocanda
590 2532 757 2590 consulendique
766 2532 859 2576 babeat

173 2589 198 2637 1.
219 2589 381 2635 Praefectum
397 2590 453 2635 urbi
470 2591 620 2637 Latinarum
636 2604 715 2638 causa
727 2593 848 2639 relictum
862 2605 936 2640 sena-

8 2663 15 2872 ,
140 2656 193 2703 tum
202 2654 382 2715 habereuesse
392 2657 481 2708 lunius
491 2662 580 2717 negat:
595 2659 715 2717 quoniam
723 2673 755 2706 ne
766 2662 872 2706 senator
881 2660 935 2719 qui-

580 2985 1028 3019 ,Α
