2067 3034
158 181 192 249 r'4
411 195 701 244 surrentum

147 308 231 379 'spem
239 312 407 372 fiduciamque
416 328 516 375 rerum,
532 327 595 371 quas
606 316 705 360 efficere
715 314 773 373 quis
782 314 878 375 possit,
892 313 962 363 haud

127 393 131 402 '
148 380 269 444 'uuquam
278 385 306 447 in
316 383 378 443 alio,
391 383 436 428 sed
447 382 473 426 in
485 385 566 428 semet
577 382 633 440 ipso
644 381 794 429 habendam.
805 385 830 428 3.
841 382 961 442 Avicula,
1031 428 1032 431 ,

146 445 251 514 inquit,
263 455 302 499 est
312 464 399 509 parva.
426 449 527 495 Nomen
538 451 578 494 est
588 448 690 494 cassita.
721 452 747 495 4.
766 450 874 497 Habitat
883 449 961 495 nidu-

144 514 317 579 ‘luturque'in
328 515 459 576 segetibus
470 516 497 561 id
507 517 588 562 tenne
600 516 732 577 temporis,
747 519 777 562 ut
785 516 883 576 appetit
893 530 961 562 mes-

147 576 202 646 ‘sis,
213 579 293 646 pullis
305 585 408 631 iamiam
418 582 602 642 plumantibus.
634 586 656 628 5.
666 583 706 629 Ea
716 584 811 630 cassita
822 584 849 629 in
860 597 961 630 sernen-

149 658 196 702 'tes
216 651 284 701 torte
304 653 469 698 concesserat
489 649 707 708 tempestiriores.
742 651 883 709 Propterea
904 652 959 696 tru-

154 722 252 768 mentis
266 719 466 767 ‘tltvescentibus
476 717 542 777 pulli
555 717 631 762 etiam
642 721 703 763 tunc
713 716 863 764 involucres
875 721 959 764 erant.

156 790 182 834 6.
193 790 265 834 ‘Cum
274 787 360 847 ‘igitur
372 786 430 844 ipsa
443 785 494 831 iret
512 785 595 832 cibum
606 785 686 842 pullis
697 785 851 844 quaesitum,
870 789 960 831 mouet

133 895 135 899 .
150 857 212 916 'eosj
227 859 267 914 ut,
281 853 376 912 siquid
387 852 424 898 ibi
434 853 474 900 rei
483 865 567 898 novae
577 852 652 897 tieret
662 852 832 912 dicereturve,
843 852 958 898 animad-

149 911 300 982 ''verterent‚
321 922 398 979 idque
417 920 456 967 uti
475 919 538 978 sibi,
558 918 603 965 ulii
621 919 746 976 redisset,
765 920 956 966 renuntiarent.

152 993 179 1037 t.
198 989 325 1036 Dominus
343 990 437 1047 postea
455 990 571 1046 segetum
587 985 693 1049 illarum
707 986 788 1034 tilium
804 986 956 1033 adolescen-

149 1060 208 1104 tem
218 1059 300 1114 vocat,
311 1058 348 1102 et:
366 1055 489 1109 Videsne,
500 1053 593 1112 inquit,
603 1053 667 1099 hacc
677 1054 857 1111 ematuruisse,
868 1056 894 1100 et
903 1067 957 1099 ma-

149 1123 203 1171 'nus
213 1124 265 1170 iam
274 1123 424 1182 postularet
444 1121 544 1167 ldrireo
555 1119 597 1167 die
608 1121 727 1178 crastini,
743 1122 788 1168 ubi
798 1121 908 1180 primum
918 1119 958 1166 di·

150 1191 299 1249 luculabit,
308 1192 349 1236 tac
359 1188 456 1235 arnicas
477 1189 553 1235 adeas
564 1190 591 1233 et
599 1201 690 1246 roges,
707 1190 825 1248 veniant,
839 1202 957 1247 operam·

151 1258 205 1319 'que
218 1262 332 1317 mutuam
347 1257 420 1312 dent,
439 1258 465 1301 et
479 1268 589 1300 messem
602 1254 667 1301 hanc
680 1257 755 1303 nobis
766 1256 899 1305 adiuvent.
933 1259 956 1301 8.

151 1323 227 1374 llaec
241 1324 346 1380 illeubi
365 1322 445 1378 dixit,
465 1321 599 1368 discessit:
618 1324 695 1378 atque
714 1323 759 1370 ubi
777 1323 857 1370 rediit
876 1322 957 1369 cassi·
1030 1344 1032 1373 i

151 1392 191 1457 ta,
206 1392 271 1452 pulli
283 1390 408 1451 trepiduli
420 1390 643 1446 circumstrepere,
660 1403 785 1448 orareque
795 1393 914 1447 matrem,
929 1394 957 1436 ut
1031 1404 1032 1423 1

151 1462 242 1520 ‘statim
253 1459 304 1505 iam
313 1460 441 1518 properet,
452 1459 527 1514 atque
537 1450 618 1502 alium
627 1455 654 1501 iu
666 1457 751 1502 locum
761 1471 818 1504 sese
828 1459 955 1515 asportet:

145 1524 214 1576 ''nam
225 1526 355 1586 dominus,
375 1524 508 1585 inquiunt,
529 1521 613 1582 irrisit,
628 1522 671 1581 qui
682 1524 778 1570 amicos
788 1527 902 1583 rogaret,
917 1523 957 1570 uti

150 1594 214 1642 'tuce
230 1593 455 1652 orientereniant
473 1595 499 1637 et
513 1592 618 1636 metant.
654 1595 677 1636 o,
695 1593 780 1638 Mater
793 1592 865 1639 iubet
879 1604 957 1640 cosa

153 1664 224 1723 metu
241 1654 341 1718 otiosos
353 1673 423 1706 esse:
443 1658 465 1704 si
476 1658 546 1703 enim
556 1657 683 1714 domiuus,
698 1658 792 1717 inquit,
805 1672 914 1705 messem
924 1658 956 1706 ad

152 1726 252 1789 Jamicos
266 1727 363 1791 reiicit,
384 1726 496 1772 crastino
513 1738 587 1785 seges
600 1739 653 1772 uon
667 1728 793 1784 metetur,
812 1741 895 1784 neque
910 1740 956 1772 ne-

155 1810 229 1844 cesse
240 1798 291 1855 est,
305 1793 383 1841 hodie
393 1794 431 1839 uti
442 1806 488 1839 vos
499 1794 622 1838 auferam.
657 1794 697 1839 lt.
714 1793 764 1839 Die
775 1794 859 1854 ‚igitur
869 1798 956 1852 poste-

153 1877 185 1912 ro
196 1867 277 1909 mater
287 1862 314 1909 in
325 1862 445 1921 pabulum
459 1859 540 1906 volat.
574 1859 715 1918 Dominus,
730 1874 795 1919 quos
810 1865 956 1919 rogaverat,

155 1930 298 1990 opperitun
320 1951 323 1955 ²
335 1930 387 1976 Sol·
396 1927 485 1982 servit,
505 1930 531 1973 et
544 1928 571 1973 fit
581 1927 659 1973 nihil:
674 1932 699 1973 et
709 1927 786 1973 amici
795 1929 862 1974 nulli
873 1931 954 1975 erant.

155 2000 196 2045 ll.
217 2000 284 2044 Tum
291 1996 455 2043 illeu·ur·sum
464 1995 495 2040 ad
506 1994 598 2042 filium:
625 1994 709 2040 Amici
720 1993 776 2055 isti,
793 1995 887 2052 inquit,
902 2008 957 2041 ma-

155 2067 351 2131 gnampartem
369 2066 512 2108 cessatores
532 2064 600 2108 suut.
637 2061 706 2114 Quin
724 2062 811 2120 potius
829 2063 910 2121 imus,
930 2066 977 2121 et,

155 2135 288 2190 cognatos,
301 2133 439 2187 affinesque
448 2131 474 2175 et
484 2129 586 2176 vicinos
596 2132 700 2175 nostros
711 2142 822 2188 oramus,
832 2134 861 2175 ut
871 2129 958 2176 adsint
1030 2150 1032 2187 3

146 2211 212 2257 eras
223 2196 375 2255 tempori‘ad
386 2197 551 2243 metendumt
580 2197 618 2242 12.
638 2195 734 2242 ltidem
743 2196 791 2242 hoc
801 2196 869 2254 pulli
879 2210 957 2255 pave·

154 2265 218 2312 tacti
234 2264 311 2324 niatri
326 2263 457 2310 nuntiant.
491 2265 577 2309 Mater
590 2263 724 2323 hortatur,
743 2267 840 2309 uttam
855 2277 956 2322 quoque

154 2331 212 2388 sine
227 2334 297 2384 metu
310 2344 340 2376 ac
354 2331 411 2377 sino
426 2345 488 2378 cura
500 2330 565 2376 sint:
582 2334 706 2388 cognatos
718 2332 857 2390 affinesque
867 2331 956 2376 nullos

153 2394 237 2459 terme
251 2404 303 2443 tam
315 2411 372 2443 esse
383 2396 559 2456 obsequibiles
570 2392 643 2461 [ait]‚
663 2401 692 2443 ut
702 2397 732 2443 ad
743 2398 856 2445 laborem
868 2412 957 2457 capes-

153 2465 259 2520 sendum
270 2464 337 2511 nihil
348 2468 508 2522 cunctentur,
520 2468 546 2511 et
555 2465 641 2510 statim
653 2465 721 2511 dicto
733 2466 866 2518 obediant.
899 2465 955 2511 Vos

151 2531 244 2586 modo,
263 2531 361 2588 iuquit,
381 2531 523 2591 advertite,
542 2532 656 2577 simodo
672 2531 732 2588 quid
749 2532 831 2580 denuo
847 2531 955 2578 dicetur.

152 2596 194 2645 13.
213 2597 274 2644 Alia
284 2599 342 2644 luce
354 2601 418 2655 orta,
431 2598 486 2644 avis
497 2599 524 2643 in
535 2602 634 2656 pastum
645 2601 761 2656 protecta
771 2605 818 2647 est.
846 2598 957 2658 Cognati

152 2661 178 2713 et
188 2667 275 2711 affines
286 2679 399 2726 operam,
420 2679 496 2722 quam
511 2666 572 2711 dare
587 2666 670 2724 rogati
686 2670 758 2721 sunt,
777 2669 957 2727 supersedent.

156 2735 193 2778 14.
208 2733 247 2801 ild
258 2730 415 2792 postremum
425 2732 506 2792 igitur
517 2730 634 2779 dominus
644 2732 711 2781 tilio:
729 2734 850 2793 Valeant,
860 2734 951 2793 iuquit
1030 2724 1032 2781 i
