2067 3034
317 98 438 146 ΗΜ.
472 98 562 147 GAP.
580 102 607 146 6.
824 100 859 154 11

318 213 506 267 corut
540 215 595 269 VI.

84 295 159 340 t'erdo
168 310 198 340 ee·
207 295 415 340 orationeMetetli
421 295 544 349 Numidici,
555 311 625 354 wrm
634 294 696 341 stete
702 299 738 341 ad
746 301 860 355 poputum

4 378 12 397 s
107 354 134 395 in
143 367 247 404 rmum,
259 367 312 396 eum
320 367 369 396 aem
378 355 412 396 ae
418 365 500 395 urerer
511 357 622 397 ducendas
633 354 797 398 adhortaretur
801 371 811 404 ‚-
821 371 860 399 eo·

107 423 150 468 que
168 409 249 451 oratio
269 423 338 466 qrrem
357 409 385 452 ob
404 422 498 453 oausam
515 410 664 466 reprehensa,
682 415 706 454 et
721 419 862 471 quocontra

108 468 178 508 modo
190 463 287 522 dfferor
296 464 332 508 s'it.

87 556 110 600 l.
129 555 226 602 Multis
233 557 380 605 eteruditis
389 557 455 605 viris
462 556 627 604 audientibus
636 557 862 617 legebaturoratio

55 621 162 667 Metelli
171 623 318 685 Numidici,
329 625 417 684 gravis
428 639 459 671 ac
465 623 557 671 diserti
563 623 627 683 viri,
639 626 863 682 quemiuoensura

57 688 124 734 dixit
135 689 167 734 ad
177 692 304 749 poputum
314 692 344 738 de
355 692 478 739 ducendis
484 687 627 751 uxoribus,
637 705 759 738 cumeum
766 693 800 738 ad
807 705 862 739 ma-

55 755 179 803 trimonia
191 758 352 816 capessenda
360 759 548 806 adhortaretur.
577 760 643 805 2111
654 771 686 805 ea
695 759 814 806 oratione
824 760 862 806 ito

58 822 181 880 scriptum
195 825 258 871 tuis:
280 826 313 873 Si
322 829 377 874 ss'ne
394 840 480 873 uxore
494 839 638 886 possemus,
657 828 781 886 Quirites,
797 839 861 886 esse,

57 903 186 938 omnesve
203 893 324 940 molestia
340 907 505 942 careremus.-
521 893 568 941 sed
577 895 700 954 qsoatom
708 897 750 940 r'ta
760 899 861 941 natura

56 957 184 1013 tradidit,
198 965 229 1005 ut
238 974 285 1007 aec
296 976 352 1008 cuns
366 961 422 1008 ttls's
439 964 506 1009 catis
520 962 661 1021 commode,
677 973 724 1007 nce
742 963 798 1006 stne
807 961 862 1010 surr

54 1023 106 1070 ullo
123 1026 201 1072 modo
217 1028 274 1073 vivi
283 1032 383 1089 possit,
405 1029 490 1076 soluts·
501 1034 647 1088 perpetuae
661 1031 766 1087 potiar,
783 1042 862 1086 quara

58 1092 132 1138 treet
146 1093 283 1153 voluptati
296 1096 483 1143 consulendum·
513 1100 538 1142 3.
548 1095 689 1142 Videbatur
702 1093 861 1155 quibusdam,

52 1159 191 1205 Metellum
201 1173 346 1223 censorem,
362 1162 404 1209 cui
415 1162 554 1210 consilium
564 1165 642 1219 esset,
659 1163 691 1208 ad
703 1174 802 1209 uxores
813 1162 860 1207 du-

53 1227 149 1272 cendas
160 1229 286 1285 populum
296 1229 406 1289 hortari,
415 1244 469 1277 non
480 1229 630 1288 oportuisse
641 1229 751 1287 [neque]
764 1228 794 1274 de
803 1242 861 1275 mo·

51 1292 131 1339 lestis
147 1293 369 1354 incommodisque
383 1298 516 1356 perpetuis
536 1296 578 1343 rei
597 1296 709 1344 uxoriae
728 1294 861 1354 confiteri;

50 1373 135 1417 neque
154 1361 288 1409 adhortari
303 1363 386 1422 magis
401 1378 472 1420 esse,
488 1376 564 1422 qnam
580 1363 745 1424 dissuadere,
761 1365 861 1410 abster-

50 1441 177 1486 reteque:
204 1430 250 1475 sed
271 1432 360 1477 contra
378 1430 407 1476 in
427 1431 454 1476 id
469 1431 557 1489 potius
577 1430 723 1477 orationem
738 1429 860 1478 debuisse

4 1516 11 1534 ·
50 1494 118 1540 sumi
138 1494 272 1552 dicebant,
293 1500 323 1544 ut
338 1500 364 1544 et
379 1499 468 1545 nullos
484 1499 634 1556 plerumque
651 1511 708 1545 esse
724 1497 752 1542 in
767 1495 858 1543 matri·

48 1561 151 1608 moniis
165 1563 304 1610 molestias
319 1567 493 1628 asseveraret,
512 1567 551 1625 et,
571 1565 595 1611 si
610 1578 674 1623 qnae
688 1567 775 1610 tamen
789 1563 860 1609 ocei-

49 1628 115 1674 dcre
131 1634 319 1687 nonnunquam
332 1631 497 1688 riderentur,
511 1645 606 1690 parvas
622 1636 649 1678 et
663 1632 736 1678 teres
752 1630 859 1676 faciles-

50 1709 98 1752 que
111 1708 172 1742 csse
182 1698 301 1745 toleratu
315 1698 426 1758 diceret,
439 1699 632 1756 maioribusque
643 1712 687 1745 eas
698 1698 859 1744 emolumen-

50 1762 83 1808 tis
105 1765 134 1808 ct
154 1763 332 1823 voluptatibus
350 1766 498 1813 obliteratis
517 1766 670 1824 easdemque
686 1765 756 1823 ipsas
774 1777 858 1821 neque

51 1829 191 1891 omnibus,
207 1844 292 1889 neque
308 1835 414 1878 naturae
428 1832 509 1894 vitio,
527 1833 572 1879 sed
581 1832 740 1890 quorundam
748 1831 858 1878 morito·

50 1911 105 1944 rom
115 1897 198 1954 culpa
208 1900 235 1944 et
245 1898 377 1945 iniustitia
387 1899 500 1946 evenire.
527 1902 552 1944 4.
572 1901 648 1946 Titus
662 1901 747 1945 autem
757 1897 857 1944 Castri-

51 1964 106 2009 cius
124 1968 200 2010 recte
213 1967 289 2022 atque
306 1965 433 2024 condigne
443 1966 581 2014 Metellum
594 1980 651 2012 esse
667 1967 782 2012 locutum
797 1964 857 2011 exi·

50 2030 183 2077 stimsbat.
194 2031 290 2092 Aliter,
296 2031 391 2093 inquit,
398 2046 490 2080 censor
498 2033 571 2091 loqui
582 2032 665 2092 debet,
671 2032 749 2078 aliter
757 2031 856 2079 rhetor.

49 2098 159 2144 Rhetori
170 2111 325 2145 concessum
336 2101 390 2155 est,
406 2101 544 2147 sententiis
553 2101 592 2145 uti
603 2099 688 2158 falsis,
708 2098 858 2154 audaeibus,

50 2163 186 2220 subdolis,
199 2165 335 2226 captiosis,
347 2166 371 2213 si
380 2166 437 2213 veri
446 2168 523 2214 modo
537 2166 636 2214 similes
648 2166 710 2221 sint,
719 2168 746 2212 et
754 2165 858 2224 possint

49 2230 656 2291 sdmovendoshominumanimosqualicnnque
663 2235 721 2279 astu
730 2232 856 2290 irrepere.

48 2297 195 2345 Praeterea
205 2301 280 2356 turpe
295 2313 352 2347 esse
363 2301 400 2347 ait
413 2301 527 2360 rhetori,
543 2300 566 2346 si
580 2300 642 2357 quid
655 2301 683 2346 in
696 2300 765 2345 mala
780 2311 858 2345 causa

49 2362 290 2422 destitutumatque
308 2367 483 2426 impugnatum
498 2368 640 2423 relinquat.
676 2370 701 2412 5.
719 2365 857 2412 Sedenim

47 2430 206 2491 Metellum,
216 2432 315 2491 inquit,
326 2437 441 2480 sanctum
456 2435 553 2494 virum,
565 2434 613 2480 illa
627 2433 756 2492 gravitate
765 2436 792 2478 et
808 2431 857 2476 tide

47 2499 216 2560 praeditum,
238 2512 294 2545 cum
308 2496 381 2559 tanta
395 2500 525 2547 honorum
542 2505 616 2556 atque
635 2500 706 2545 vitae
721 2498 856 2556 dignitate,

48 2564 114 2623 apud
120 2566 399 2625 populumRomanum
408 2567 559 2625 loquentem
564 2566 631 2612 nihil
642 2564 806 2611 decuitaliud
817 2561 858 2605 di·

4 2652 8 2672 ι
48 2642 108 2680 cere
113 2664 124 2690 ,
140 2645 221 2690 quam
229 2633 299 2690 quod
310 2647 398 2681 verum
408 2647 466 2681 esse
478 2633 527 2680 sibi
537 2635 612 2690 atque
623 2631 742 2706 omnibus
752 2629 858 2676 videbo·
