2067 3034
133 133 187 184 214
387 135 495 186 ooli
531 133 690 184 (runnu

132 258 220 302 autem
235 253 305 313 quod
320 250 440 300 ctllarro
455 252 482 298 et
496 250 560 297 Tiro
576 249 713 312 dixerunt,
732 249 760 297 in
773 250 864 300 eodem
872 265 942 303 nanc

131 324 232 370 theatro
245 335 298 368 non
309 322 349 367 eat
358 319 397 366 ita
407 318 540 376 ocriptum.
576 321 599 364 9.
617 319 683 366 Nam
694 332 750 364 cum
764 319 854 365 multia
865 322 942 369 annia

131 392 327 450 portmauro,
346 400 410 447 quae
425 385 702 446 prociderat„reiecta
717 389 795 446 emet,
814 401 939 436 uumerus

132 457 204 503 tertii
217 456 376 514 consumtus,
392 467 456 512 non,
470 453 509 500 uti
522 452 608 511 initio,
620 452 776 510 primoribus
787 454 881 515 literis,
892 456 939 504 aed

132 523 217 570 tribua
228 526 329 572 tantum
338 520 447 568 lineolis
456 519 547 567 incisio
558 519 716 578 significatus
726 523 774 567 eat.
802 524 843 572 lo.
859 524 889 570 In
900 525 939 571 Μ.

114 605 116 610 ⁴
132 593 218 638 autem
229 589 336 636 Catonis
347 590 439 648 quarta
450 587 558 647 Origine
569 585 607 633 ita
616 587 788 646 perscriptum
797 591 849 636 est:
870 594 939 638 Car·
977 645 981 652 ,

132 658 308 719 thagiuicuaea
322 662 426 704 sextum
440 658 471 703 de
479 654 591 720 foedere
610 655 749 704 dececcerc.
785 655 813 704 ld
833 659 939 705 verbnm

132 724 261 784 significat
274 723 412 783 quinquies
427 725 488 769 ante
503 734 550 771 eoa
564 720 658 774 fecisse
679 725 768 773 contro
786 724 891 784 foedus,
912 728 941 773 ct

131 792 308 838 tumoextum.
344 790 384 842 11.
404 790 608 850 Graeciquoque
624 789 651 836 in
661 789 836 848 significandis
846 791 940 838 huiua«

131 857 204 906 modi
218 872 305 906 rerum
317 857 433 912 numerio
446 855 536 920 τρίτον
551 855 594 904 uui
606 856 731 918 τέταρτον
752 855 851 917 uicum,
870 858 940 916 quod

133 925 257 986 congruit
270 939 327 977 cum
340 940 387 988 co,
408 926 478 986 quoa
491 922 584 974 Latine
600 923 709 974 dicitur:
730 928 836 974 tertium
855 940 943 987 quar-

132 1001 243 1057 tumque.

402 1057 588 1116 CAPUT
623 1057 664 1112 11.

157 1125 217 1177 ouo
224 1123 358 1172 Aristotelea
368 1129 394 1171 do
403 1139 496 1170 numero
503 1124 623 1183 puerperii
630 1123 754 1169 mercuriae
763 1124 917 1172 mundaverit.

167 1204 192 1252 1.
210 1202 366 1252 Ariototeleo
376 1201 549 1261 philosophus
558 1201 698 1249 memoriae
708 1201 828 1262 tradidit,
843 1201 941 1249 mulie-

132 1284 187 1322 rem
196 1270 225 1316 in
234 1271 354 1330 Aegypto
363 1283 415 1317 uno
426 1273 502 1329 partu
512 1269 624 1328 quinque
634 1282 730 1328 pueros
740 1269 857 1328 enixam3
868 1283 940 1316 eum-

133 1351 182 1396 que
192 1350 249 1383 esce
261 1336 338 1383 linem
350 1336 418 1383 uixit
426 1337 581 1396 multiiugae
590 1337 722 1383 hominum
732 1337 872 1396 partionis,
892 1351 942 1386 ue.

133 1418 183 1463 que
196 1404 285 1463 plureo
301 1417 412 1461 unquam
423 1404 501 1451 timul
510 1404 615 1464 genitor
627 1408 794 1463 compertum:
812 1405 881 1451 hunc
891 1418 940 1452 an·

132 1475 185 1519 tem
194 1483 252 1519 cuae
265 1485 400 1521 numerum
414 1471 452 1520 ait
466 1472 637 1520 rarissimum.
671 1475 696 1518 2.
716 1471 765 1518 Sed
776 1474 803 1519 et
813 1471 873 1519 divo
884 1473 940 1518 Au-

132 1540 208 1597 gurto
225 1538 380 1599 imperante,
399 1539 443 1597 qui
457 1542 600 1599 temporum
614 1538 670 1587 eina
680 1538 815 1586 historiam
826 1539 941 1598 aeripue-

132 1608 206 1665 runt,
221 1607 345 1654 ancillam
355 1608 474 1654 caesaria
488 1608 597 1666 Augusti
608 1607 635 1652 in
647 1619 710 1664 agro
721 1606 850 1652 Laurente
860 1619 941 1665 pepe·

132 1673 199 1720 rime
213 1674 326 1732 quinque
341 1688 436 1734 pucros
452 1675 554 1732 dicunt3
574 1687 671 1731 eoaque
685 1672 810 1732 pauculo·
825 1675 880 1720 dies
897 1673 940 1719 ri-

132 1740 222 1788 xirue:
241 1744 349 1789 matrem
362 1755 463 1800 quoque
479 1756 569 1790 eorum
584 1755 636 1788 non
646 1742 728 1787 multo
740 1744 884 1799 postquam
894 1755 940 1800 pe.

132 1809 210 1868 perit,
229 1810 372 1866 mortuam
393 1811 635 1867 monumentumque
651 1808 676 1854 ei
689 1809 785 1854 iactum
795 1808 867 1855 iussn
884 1810 939 1855 Au-

132 1875 202 1933 gusti
216 1875 245 1922 in
260 1876 488 1935 viaLaurentina3
504 1877 584 1933 inque
599 1889 630 1922 eo
644 1875 766 1934 scriptum
782 1888 940 1923 emenumc·

132 1955 188 1990 rum
198 1943 331 2004 puerperii
341 1943 407 2008 eiua,
417 1943 448 1992 ‹lc
459 1958 508 2002 quo
520 1943 642 1992 diximus.

398 2074 584 2128 cnPUT
619 2075 677 2128 111.

162 2141 278 2187 locorum
291 2146 434 2201 quomodom
449 2142 573 2187 illustrium
589 2143 684 2187 collatio
696 2140 854 2197 contentioque
861 2140 939 2198 sacto

189 2212 218 2241 ea·
227 2199 369 2243 orationclua
380 2201 403 2243 C.
417 2198 521 2243 Gracchi
528 2207 552 2244 ct
559 2200 595 2243 M.
608 2199 721 2242 Ciceronis
730 2205 754 2241 ct
761 2198 796 2241 M.
808 2198 908 2243 Catonis.

167 2276 192 2320 1.
218 2274 307 2323 Fortia
326 2289 357 2322 ac
377 2276 517 2324 vehemens
537 2279 627 2324 orator
645 2276 812 2323 existimatur
830 2290 888 2322 ease
908 2277 937 2322 C.

135 2340 277 2399 Gracchum
297 2356 374 2389 nemo
388 2343 416 2389 id
429 2341 524 2402 negati
540 2345 586 2390 aed
601 2343 669 2400 qnod
683 2343 820 2389 nonnuliis
834 2343 939 2389 videtur

134 2405 260 2463 severior,
270 2409 364 2470 acrior,
379 2410 540 2470 ampliorque
552 2425 609 2457 eoae
618 2413 654 2456 M.
665 2410 763 2468 Tullio,
783 2411 845 2456 ferri
856 2410 883 2456 io
894 2409 939 2468 qni

133 2474 236 2529 potenti
270 2474 295 2520 2.
314 2475 473 2532 Legebamus
487 2477 553 2524 adeo
568 2491 649 2536 nuper
668 2478 814 2524 orationem
829 2476 939 2523 Gracchi

132 2537 172 2583 De
183 2537 295 2595 Legibus
307 2543 493 2602 promulgatio,
513 2544 541 2590 in
553 2558 602 2602 qua
610 2546 647 2590 M.
657 2544 770 2590 Marium
780 2548 806 2590 et
816 2544 939 2602 quosdam

133 2616 166 2649 ex
177 2603 326 2663 municipiia
337 2606 437 2654 italicis
447 2610 571 2658 honestos
587 2611 659 2658 viros
669 2611 751 2670 virgis
761 2626 808 2669 per
816 2610 939 2657 iniuriam

132 2681 224 2717 caesor
237 2683 253 2718 a
265 2671 459 2732 magistratibus
472 2678 563 2740 populi
577 2677 699 2737 Romani,
719 2681 815 2735 quanta
825 2678 939 2726 maxima
