2067 3034
265 183 371 231 stu.
393 184 457 230 tt..
480 185 568 231 CAP.
589 188 629 231 lo.
677 193 680 198 '
811 182 862 232 155

61 304 115 351 auli
124 300 341 362 transposuimus:
359 304 384 348 2.
396 303 452 361 Cu,
462 301 556 361 inquit,
567 301 684 363 Marius,
692 309 776 361 patre
785 304 863 350 liher-

61 374 212 426 tironatus,
223 370 491 433 seriptumsaciehat:
500 372 572 430 isque
580 372 607 415 in
618 384 648 416 eo
659 375 773 429 tenrpore
783 371 863 417 aedih

61 440 146 486 curuli
164 437 329 497 apparebat,
348 452 397 497 quo
419 443 534 496 tempore
554 437 651 484 aediles
671 439 863 498 subrogantur:

63 519 168 566 eumque
189 518 241 563 pro
265 506 334 551 trihu
359 503 468 550 aedilem
497 504 612 550 curulem
640 507 863 552 renuntiaverunt.

63 576 88 621 3.
104 572 141 619 At
150 572 251 633 aedilis,
261 573 307 632 qus'
319 574 425 617 comitia
433 570 555 632 hahebat,
574 578 653 632 negat
663 574 803 632 aces‘pere3
819 585 864 616 ns-

63 655 112 703 que
121 640 172 686 sihi
177 639 350 699 plaeere,qui
358 638 604 699 scriptumfaceret,
611 653 666 684 eum
676 639 784 685 aedilem
788 636 865 696 fieri.

63 713 87 754 4.
101 701 426 764 cmFIaoiusAnntifilius
435 707 526 751 dicitur
542 706 648 753 tabulas
655 708 773 765 posuisse
777 720 790 767 ,⁰
798 707 866 752 scri-

62 781 108 836 ptu
127 787 182 822 sese
201 775 356 820 abdicasse.-
384 775 457 833 isque
476 772 570 818 aedilis
590 774 689 821 curulis
703 775 799 836 fuctus
817 779 862 820 est.

63 846 88 890 5.
104 842 177 888 Idem
190 844 235 886 Gn.
248 840 357 888 mactus
366 839 429 887 Anii
435 837 513 899 filius
527 840 621 886 dicitur
637 840 673 886 ad
686 842 812 901 collegam
820 855 865 886 os-

62 912 131 958 ns‘sse
145 911 228 955 visere
244 912 394 968 aegrotum:
412 915 446 963 et,
456 909 482 952 in
493 908 615 953 conclaue
621 914 759 968 postquam
769 910 865 954 introi-

64 980 115 1032 us't,
134 975 311 1024 adolescentes
327 975 367 1021 iti
382 976 526 1033 complures
544 976 641 1021 nobiles
660 976 793 1021 sedebant·
829 974 866 1019 ΗΞ

63 1050 250 1091 contemnentes
261 1055 323 1096 eum,
334 1055 475 1101 assurgere
484 1042 510 1086 ei
517 1055 590 1088 mmo
601 1042 693 1088 voluit.
713 1046 735 1087 6.
748 1045 794 1088 On.
799 1040 865 1087 Fla-

63 1114 120 1157 cius
134 1110 196 1156 Anii
201 1107 280 1168 filius
295 1109 388 1156 aedilis
395 1111 426 1156 ,id
434 1103 545 1155 arrisit:
565 1110 656 1165 sellam
666 1109 781 1155 curulem
790 1110 867 1154 tussa

64 1180 115 1225 sihi
126 1178 233 1240 afferri,
247 1190 303 1221 sam
312 1178 339 1221 ia
349 1178 435 1222 limine
444 1177 577 1237 apposuit,
587 1191 619 1222 ne
629 1179 685 1237 quis
693 1177 797 1222 illorum
807 1176 866 1220 eci-

64 1260 95 1291 re
104 1251 214 1305 posset,·
230 1245 320 1304 utique
334 1245 357 1289 ii
368 1257 453 1291 omnes
467 1245 545 1290 inuiti
556 1244 675 1291 uidment
688 1257 743 1291 sese
755 1245 782 1288 in
798 1242 866 1289 sella

64 1314 149 1360 curuli
157 1312 293 1359 sedentem.
708 1333 711 1338 »

340 1392 528 1445 CAPUT
563 1390 598 1449 X,

92 1460 200 1506 Historia
207 1473 274 1517 super
282 1459 375 1503 Euclide
385 1460 513 1510 Socratico,
529 1458 590 1501 meires
599 1460 701 1513 eaernplo
716 1458 804 1501 Tnurm
810 1458 866 1513 phi·
940 1459 942 1464 ’

121 1519 230 1573 losophus
243 1517 369 1560 adhortari
380 1518 531 1559 adolescentes
542 1529 594 1558 suos
607 1515 688 1558 solitus
703 1521 737 1557 est
750 1515 867 1570 amphito-

118 1575 226 1630 sophium
235 1573 491 1628 gnreoitersectnnaum.
526 1611 528 1616 .

98 1652 124 1697 1.
142 1650 317 1708 Philosophus
331 1650 445 1707 Taurus,
461 1648 503 1695 vir
515 1646 739 1694 memorisnostru
749 1647 776 1693 iu
786 1647 867 1694 ‹lisci-

64 1719 139 1777 pliua
148 1716 286 1764 Platonica
296 1717 451 1775 celebratus,
471 1729 529 1761 cum
542 1715 603 1760 aliis
612 1716 687 1761 bonis
696 1716 785 1761 multis
796 1715 867 1760 salu·

63 1786 204 1842 brihusque
219 1783 347 1841 exemplis
360 1784 513 1829 hortabatur
526 1783 559 1827 ad
570 1781 761 1841 philosophiam
776 1795 868 1840 capes-

63 1853 179 1905 sondum,
190 1856 244 1897 tum
254 1850 298 1896 vel
308 1850 420 1896 maxims
430 1850 481 1896 istu
489 1863 519 1896 rc
530 1849 632 1894 animos
640 1848 760 1895 iuvenum
771 1862 867 1907 exper-

63 1923 154 1981 gehat,
167 1918 304 1965 Euclidem
318 1931 395 1976 quam
406 1917 506 1963 dicebat
519 1916 679 1963 Socraticum
693 1916 876 1961 {intimasses

62 1992 88 2035 2.
107 1988 234 2042 Decreta,
250 1985 347 2043 inquit,
369 1999 414 2032 suo
424 1984 591 2030 Athenienses
609 1990 750 2043 caverant,
765 1988 806 2043 ut,
823 1984 868 2042 qni

61 2056 181 2116 Megaris
190 2055 253 2100 ciuis
263 2058 338 2111 esset,
350 2054 375 2100 si
383 2053 500 2099 intulisse
507 2050 622 2097 Athenas
627 2052 717 2110 pedem
724 2050 865 2108 prehensus

60 2128 141 2178 esset,
150 2128 181 2168 ut
190 2137 224 2168 aa
233 2132 277 2166 res
286 2122 312 2165 ei
319 2120 416 2165 homiui
423 2119 551 2178 capitalis
560 2125 636 2164 esset.
654 2119 680 2164 3.
692 2119 776 2163 Tanto
787 2116 865 2162 Athe-

61 2192 179 2247 aienses,
198 2186 297 2245 inquit,
315 2188 373 2234 odio
382 2182 724 2248 flagrabantfim'timnrum
738 2184 865 2230 hominum
938 2223 941 2236 ,

61 2258 265 2318 Megarensium.
298 2255 323 2301 4.
344 2256 407 2300 Tum
417 2253 553 2307 Euclides,
572 2254 617 2312 qui
631 2250 740 2298 indidem
749 2252 866 2311 Megaris
877 2275 880 2286 ι

61 2331 139 2385 erat,
154 2324 247 2384 quique
257 2317 359 2385 [etiam]
373 2328 435 2368 ante
449 2321 478 2365 s'd
486 2321 617 2367 decretura
626 2325 653 2365 et
661 2332 716 2366 esse
725 2317 830 2365 Athenis
840 2326 866 2363 es

61 2390 157 2438 audire
177 2390 315 2437 Socratem
333 2393 517 2448 consueverat,
533 2393 674 2446 postquam
692 2385 721 2431 id
738 2385 866 2431 decretum

59 2464 225 2512 sanxerunt,
243 2457 411 2518 srehnoeteen,
430 2469 486 2501 eum
506 2457 756 2512 advesperasceret,
778 2455 882 2498 tunica

60 2526 145 2586 longa
155 2524 274 2570 muliebri
282 2523 394 2580 indutus,
408 2522 527 2580 etpallio
536 2521 693 2568 emaculare
703 2522 826 2579 amictui,
842 2526 867 2563 et

59 2598 148 2653 eaput
160 2593 218 2638 rica
234 2591 336 2638 uelatus
351 2604 365 2636 e
378 2589 450 2634 domo
466 2602 515 2635 sua
524 2588 639 2648 Megaris
648 2586 764 2633 Athenas
774 2588 810 2632 ad
819 2587 868 2631 So-

3 2677 6 2694 ·
60 2665 168 2707 cratem
183 2659 343 2705 commeabat
348 2670 360 2717 ,⁸
378 2662 406 2706 u
416 2657 459 2701 cel
467 2656 551 2701 noctis
560 2656 649 2714 alique
659 2660 774 2713 tempore
783 2653 868 2698 cansi-

59 2729 160 2776 liorum
181 2738 374 2786 sermonumque
392 2718 538 2781 eiusfieret
548 2723 700 2783 particeps:
724 2732 867 2778 rursusque
