2067 3034
144 174 197 225 842
386 174 495 223 sum
531 173 690 222 OEIshli

145 293 208 343 siin
223 291 341 353 genitivo
356 304 457 350 quoque
472 299 534 337 casu
549 291 640 336 eadem
654 290 756 349 syllabn
771 287 905 335 finiantur:
924 288 957 334 nt

144 375 227 419 mons,
237 374 318 421 pons,
327 360 418 421 frons.
453 360 478 404 9.
496 357 532 402 At
545 357 592 403 ille
608 360 698 404 eontra
708 357 842 403 renidens:
871 354 956 415 Audi,

144 429 240 487 inquit,
260 426 401 486 discipule,
418 423 497 484 plura
511 423 566 470 alia
580 425 739 486 consimilia,
759 436 824 481 quae
833 435 889 468 nou
900 421 959 469 sint

144 494 247 555 generis
256 492 403 541 masculini.
431 493 471 538 lo.
485 491 614 539 Petebant
623 491 660 537 ibi
671 504 768 550 omnes,
778 493 807 536 ut
816 490 861 537 rel
870 502 955 538 nuum

145 562 232 610 stetim
248 560 364 619 diceret;
388 559 436 606 sed
450 573 509 607 eum
521 559 599 607 homo
613 559 714 605 vultum
727 558 905 617 intorqueret,
926 559 955 603 et

144 643 198 676 non
211 629 338 687 hisceret,
359 627 514 686 coloresque
528 629 654 675 mutaret:
672 629 726 673 tum
739 639 787 684 ego
802 622 954 682 intercessi,

144 700 183 743 et:
203 695 288 753 Vade,
302 693 414 754 inquom,
429 708 508 751 nnnc,
524 697 551 741 et
559 694 652 741 hebeto
662 693 695 740 ad
706 692 889 751 requirendum
900 689 954 737 tri·

144 761 296 822 gintadies:
316 763 453 820 postquam
467 761 612 821 inveneris,
630 763 733 820 repetes
746 772 804 806 nos.
840 760 881 804 ll.
901 759 954 804 At-

144 841 193 887 que
208 828 246 875 ita
259 827 391 874 hominem
404 827 472 873 nulli
486 828 535 885 rei,
554 829 587 875 ad
600 828 774 886 indagandum
783 825 952 884 vocabulum,

143 909 193 955 quo
203 894 367 943 rescinderet
375 895 520 944 finitionem
530 896 623 959 fictam,
636 894 787 941 dimisimus.

415 1014 600 1067 CAPUT
635 1014 672 1067 X.

171 1082 205 1128 De
214 1059 346 1128 vnlmlario
357 1089 381 1128 et
389 1081 526 1127 admirando
536 1081 631 1126 aserim
640 1081 758 1139 virginum
765 1078 921 1125 Milesiarum.

179 1162 202 1207 1.
220 1159 375 1207 Plutarchus
391 1159 419 1205 in
433 1159 575 1219 librorum,
595 1172 660 1215 qnos
673 1156 742 1220 Περὶ
755 1155 840 1220 ψυχῆς
853 1156 953 1203 inscri-

143 1227 209 1286 psit,
227 1226 325 1286 primo,
345 1240 401 1273 cum
415 1226 446 1272 de
460 1225 557 1272 morbis
569 1225 708 1272 dissereret
717 1226 745 1271 in
755 1226 854 1272 animos
863 1223 954 1270 homi·

143 1307 205 1340 num
213 1292 402 1352 incidentibus,
421 1291 537 1350 virgines
552 1292 620 1337 dixit
634 1292 734 1339 Milesii
748 1291 875 1354 nominis,
894 1292 953 1356 fer,

142 1375 184 1408 me
194 1363 256 1419 quot
266 1362 320 1406 tum
329 1359 358 1406 in
367 1374 399 1405 ea
408 1358 513 1405 civitate
526 1361 610 1414 erant,
626 1362 743 1418 repente,
758 1359 815 1406 siue
824 1358 881 1405 ulls
892 1358 953 1405 esi-

144 1427 322 1487 sentimum,
343 1427 504 1473 voluntatem
520 1427 618 1486 cepisse
639 1426 772 1473 obeundae
790 1425 898 1483 mortis;
920 1438 952 1472 sc

145 1494 239 1541 deinde
252 1493 377 1553 plurimas
392 1493 472 1540 vitem
485 1491 625 1552 suspendio
643 1493 768 1540 emisisse.
803 1497 829 1540 2.
847 1493 878 1538 ld
892 1506 956 1539 cuns

144 1560 273 1610 accideret
283 1560 366 1607 indies
378 1560 499 1621 crebrius,
514 1574 602 1622 neque
609 1560 701 1607 animis
712 1575 800 1608 earum
809 1559 877 1607 mori
886 1572 953 1617 per-

143 1627 320 1675 severantium
328 1627 457 1674 medicina
470 1627 585 1674 adhiberi
595 1628 694 1686 quiret,
711 1627 857 1675 decrevisse
866 1626 952 1674 Mile·

144 1695 213 1753 sios,
227 1696 258 1741 ut
269 1687 397 1757 virgines,
416 1708 480 1752 qnae
492 1694 644 1753 corporibus
655 1695 788 1754 suspensis
798 1695 951 1742 demortuae

143 1763 245 1823 forent,
265 1762 294 1807 nt
307 1775 353 1808 eae
364 1776 453 1809 omnes
462 1762 547 1808 nudae
557 1776 614 1810 cnm
624 1763 715 1809 eodem
724 1762 831 1821 laqueo,
850 1760 896 1820 qul
906 1776 956 1808 es«

143 1830 202 1876 sent
210 1827 384 1888 praevinctae,
401 1829 564 1876 efferrentur.
600 1830 664 1878 Post
678 1831 705 1876 id
720 1830 851 1876 decretum
866 1828 952 1888 virgi-

143 1908 189 1943 nes
199 1895 375 1943 voluntariam
383 1899 490 1943 mortem
501 1909 555 1942 non
564 1896 670 1958 petisse,
680 1897 779 1957 pudore
790 1897 849 1943 solo
861 1897 953 1943 deter-

143 1964 207 2010 ritas
217 1964 269 2009 tam
279 1963 412 2009 inhonesti
421 1962 530 2011 funeris.

407 2071 593 2123 CAPUT
628 2071 682 2123 xl.

174 2139 249 2184 Verba
263 2136 460 2183 Sencnnccmclti
473 2144 498 2184 de
513 2138 692 2193 exigendiscrbe
702 2138 949 2196 Romapliloscplb:

198 2195 254 2238 s'tem
263 2198 333 2238 verba
342 2195 413 2239 edicti
421 2209 545 2247 censorum,
557 2209 599 2254 quo
610 2196 770 2251 improbasset
779 2194 877 2238 coerciti
883 2203 947 2244 svnt,
957 2219 959 2222 ·

198 2252 238 2308 qui
250 2251 394 2307 disciplinam
407 2252 548 2296 rhetoricam
565 2251 682 2296 irretitum
700 2259 722 2295 et
739 2265 841 2295 emerem
855 2251 949 2296 Romae

198 2314 327 2361 coeperant.

177 2382 201 2425 1.
221 2383 248 2426 c.
259 2382 359 2429 Fannio
371 2383 512 2445 Strabone,
532 2386 568 2431 M.
579 2383 687 2430 Valerio
697 2384 810 2431 Messala
820 2385 893 2430 Coss.
904 2397 949 2431 se-

142 2448 366 2495 natusconsultum
382 2450 414 2495 de
427 2450 593 2509 philosophis
608 2454 634 2497 et
648 2452 679 2498 de
688 2452 835 2498 rhetoribus
844 2450 957 2497 Latinis-

142 2512 301 2558 factumest:
318 2517 355 2559 Μ.
373 2516 606 2564 POMPONIUS
625 2518 812 2564 PRAETOR
830 2518 951 2564 SENA-

142 2577 224 2622 TUM
252 2578 492 2643 CONSULUIT,
527 2586 635 2637 QUOD
662 2585 790 2631 VERBA
817 2584 951 2632 FscTA

2 2705 3 2720 χ
92 2647 96 2652 “
142 2642 246 2687 SUNT
265 2641 314 2687 DE
332 2644 602 2697 PHILOSOPHIS
621 2651 669 2697 ET
687 2650 736 2696 DE
750 2651 957 2697 RHETORI-z

142 2705 231 2767 μω
249 2705 300 2756 oa
316 2708 367 2760 Es
379 2712 434 2760 nr
449 2716 517 2774 rra
538 2716 812 2780 censurarum,
827 2719 896 2770 urs
910 2720 954 2772 Μ..
