2067 3034
142 122 193 179 16²
220 119 224 125 ¹
391 124 498 173 AULI
535 124 694 173 GELLII

140 244 221 301 dicit,
239 255 304 302 quae
313 241 445 303 Lesbiam,
464 243 534 300 quod
544 244 571 290 et
579 241 746 290 malediceret
757 240 782 289 ei
792 242 887 304 palam,
900 256 944 290 re-

140 313 298 373 spueretque
311 311 338 359 et
351 313 483 356 recusaret
497 310 722 368 detestareturque
731 308 850 371 assidue,
868 314 894 357 et
904 315 945 357 ta·

142 394 203 430 men
211 392 268 427 eam
277 377 382 438 penitus
394 376 533 437 deperiret.

382 477 405 528 G
420 476 444 528 A
460 475 483 527 P
501 476 526 526 U
544 476 569 526 Τ
603 473 709 528 xvll.
899 511 901 514 v

174 545 225 597 Quis
235 543 336 587 omsss'son
341 542 430 599 prs‘mds
440 542 510 586 Is'hros
516 541 608 597 petrice
614 541 748 599 praebuerit
755 543 868 597 legendas,
874 557 946 600 quoss-

201 597 574 711 Ἥοᾶἑιῖΐιπμῶἶῖἱξῶηλωὺ
583 605 638 643 ante
646 601 720 642 clades
725 599 829 644 Persicas
837 599 948 644 librorsssss

200 672 227 701 m
346 669 377 698 m

180 735 204 781 1.
221 731 313 778 Lihros
331 730 440 779 Athenis
459 721 657 791 disciplinarum
673 730 826 779 liberalium
842 732 947 791 publiea

142 798 329 858 adlegendum
342 798 503 857 praebendos
516 798 615 857 primus
634 797 753 856 posuisse
768 798 864 847 dieitur
876 800 947 852 Pisi,-

143 871 241 917 stratus
251 868 389 925 tyrannus:
404 865 526 925 deinceps
536 865 677 912 studiosius
687 866 884 924 accuratiusque
895 866 949 925 ipsi

144 933 316 984 Athenienses
330 934 472 980 auxerunt:
492 933 539 980 sed
552 945 654 980 omnem
670 931 745 979 illam
759 936 850 991 postea
863 934 948 981 libro-

142 1016 202 1052 rum
211 1000 312 1060 eopiam
321 999 435 1060 Xerxes,
443 999 602 1046 Athenarum
611 998 719 1059 potitos,
728 1002 793 1047 urhe
804 1000 862 1059 ipss
869 1014 948 1059 prse-

144 1073 186 1117 ter
195 1081 280 1116 arcem
288 1067 409 1124 incensa,
423 1066 533 1114 abstulit
542 1065 734 1125 asportavitque
744 1066 774 1113 in
782 1067 886 1115 Perses.
920 1072 947 1116 2.

144 1138 200 1190 llos
218 1149 297 1195 porro
316 1134 399 1180 lihros
416 1133 555 1180 universos
568 1133 658 1179 multis
674 1135 734 1193 post
750 1135 948 1194 tempestatibus

144 1204 272 1255 ‚Seleucus
287 1213 346 1260 rex,
367 1199 413 1258 qui
425 1200 542 1247 Nicanor
556 1200 705 1259 appellatus
720 1202 775 1264 est,
793 1203 948 1251 referendos

143 1271 260 1318 Athenas
271 1266 380 1314 curarit.
408 1268 432 1313 3.
446 1269 541 1326 lugens
551 1269 642 1325 postea
651 1280 773 1314 numerus
783 1269 908 1317 librorum
917 1269 948 1317 in

144 1338 263 1395 Aegypto
277 1349 293 1382 a
306 1332 464 1382 Ptolemaeis
478 1334 583 1393 regibus
596 1334 640 1381 rel
654 1334 815 1393 conquisitus
828 1335 872 1382 vel
882 1351 947 1384 eon-

144 1404 229 1451 fectus
243 1403 284 1449 est
298 1400 330 1456 sd
343 1400 428 1448 millia
442 1401 523 1449 ferme
536 1400 695 1448 voluminum
705 1402 880 1462 septingenta:
899 1404 947 1451 sed

145 1483 178 1518 ea
188 1470 274 1517 omnia
283 1466 353 1516 bello
365 1466 452 1527 priore
462 1468 654 1528 Alexandrino,
666 1468 725 1515 dum
735 1468 856 1529 diripitur
865 1483 898 1516 es
908 1471 947 1518 ei-

143 1537 221 1597 ritas¹
238 1549 292 1582 non
303 1535 405 1594 sponte,
415 1548 499 1593 neque
509 1547 590 1593 opera
599 1535 725 1597 consults,
736 1536 781 1585 sed
790 1551 806 1587 a
815 1537 947 1588 militibus

145 1605 216 1653 torte
225 1600 376 1654 auxiliariis
386 1600 494 1651 incensa
504 1606 574 1649 suut.
618 1650 621 1656 ,

364 1804 730 1836 *—

229 1966 443 2035 LIB'ER
486 1968 861 2037 SEPTIMUS.

422 2120 669 2196 eurora

171 2217 317 2333 amartetes
331 2224 443 2281 paredam
457 2236 488 2268 ea
496 2223 616 2269 mausus
624 2231 701 2269 sumta
711 2228 737 2272 ds
745 2226 774 2273 P.
782 2223 899 2283 Africano
908 2240 946 2270 sse·

146 2347 238 2441 Quod
248 2385 278 2433 de
290 2388 457 2451 Olympiade,
470 2390 588 2451 Philippi
596 2392 666 2452 regis
680 2406 778 2455 uxore,
798 2392 948 2441 Alexandri

144 2453 235 2513 matre,
245 2452 274 2499 in
283 2453 394 2503 historia
400 2459 499 2505 Graeca
509 2460 633 2518 scripturn
642 2462 690 2521 est,
697 2461 763 2508 idem
770 2462 834 2508 deP.
842 2462 948 2521 Scipio·

145 2517 187 2564 nis
197 2531 297 2577 quoque
303 2523 393 2580 matre,
399 2524 443 2581 qui
451 2525 669 2583 priorAirieanus
679 2528 825 2587 appellatus
836 2532 947 2587 estme-

145 2584 244 2632 morise
255 2586 343 2635 datum
352 2591 401 2635 est.
435 2592 461 2637 2.
478 2594 544 2640 Nem
555 2596 618 2641 etc.
631 2595 729 2656 Oppius
740 2596 766 2642 et
775 2595 859 2642 lulius
868 2596 948 2656 fligi·

145 2661 209 2715 nus,
227 2652 338 2715 aliique,
356 2655 400 2716 qui
414 2656 445 2706 de
456 2657 509 2707 rita
523 2662 550 2708 et
561 2663 638 2730 rebus
647 2662 764 2712 Africani
774 2663 948 2728 seripserunt,
