2067 3034
279 98 361 145 ΜΒ
383 99 421 146 11.
456 101 546 149 GAP.
565 101 607 148 21.
810 95 845 151 59

39 214 277 266 considerabamue.
313 216 338 261 3.
356 215 421 262 Tum
436 215 564 275 quispiam
578 229 613 264 ex
629 214 688 291 in,
699 216 845 276 quieodem

36 285 65 333 in
73 294 186 330 numero
198 283 311 328 Graecae
325 295 368 329 ret
383 282 478 329 eruditi
491 286 580 342 erant,
599 284 661 342 qnid
671 274 756 362 ἅμαξα
766 289 844 347 emet,

37 344 124 410 qnid'
107 362 213 412 equove,
230 348 291 407 quid
299 341 416 413 βοὸηης,
432 353 458 397 et
468 364 594 409 quaenam
605 350 688 398 maior
697 345 805 415 ἄρκτος,
819 357 846 400 et

40 430 103 479 quae
112 417 214 472 minor,
230 429 275 462 cur
284 415 322 461 ita
333 416 472 476 appellata,
488 420 514 464 et
524 431 598 474 quam
607 416 635 463 in
644 421 743 476 partem
753 433 846 478 praee-

40 482 124 533 dentio
139 483 227 530 noetio
245 482 329 542 spatio
343 487 521 531 moverentur:
540 487 566 531 et
576 486 737 544 quamohrem
748 487 845 534 Home-

39 551 183 601 mutulam
193 562 251 597 eam
260 563 314 597 non
324 550 443 596 occidere
454 551 537 613 dieat,
554 565 612 599 cum
622 554 648 598 et
657 552 781 611 quaedam
792 553 846 601 alia

39 633 92 666 non
104 616 242 665 occidant:
260 616 326 664 acite
335 619 389 664 tum
400 617 453 665 itta
462 618 548 665 omnia
560 633 589 665 ac
598 618 681 677 perite
693 619 846 667 disserebat.

40 688 64 731 4.
82 684 134 732 Hie
150 697 200 743 ego
213 684 246 731 ad
260 687 364 731 nostroe
379 685 487 732 iumeneo
502 690 650 747 convertor,
664 689 704 735 et:
725 687 794 741 Quid
804 688 845 734 in·

41 764 125 812 quam,
135 764 185 798 voe
196 751 267 811 opici
277 751 364 798 dieitia
373 751 453 800 mihit
472 753 567 810 Quare,
577 753 645 811 qnod
654 747 755 815 ἄμαξαν
765 755 845 802 Grae·

42 818 193 879 timeant,
210 831 260 865 nos
275 824 472 879 septemtriones
488 821 628 867 vocamuoi
663 823 688 866 5.
706 822 765 869 Non
777 822 847 871 enim

43 884 105 932 tatio
116 887 168 947 eet,
181 884 250 945 quod
260 888 360 945 neptem
371 887 461 932 stellae
470 886 599 945 videmuo3
619 887 665 934 aed
674 887 735 946 quid
746 889 795 936 hoe
804 893 845 936 to·

42 956 110 1017 tum,
123 952 196 1012 quod
206 955 403 1012 septemtriones
413 952 535 1014 dicimus,
551 953 691 1015 nignifieet‚
707 954 791 1012 noire,
805 955 847 1002 iu-

42 1033 125 1082 quam,
138 1020 167 1065 it
177 1019 310 1079 prolixius
322 1021 391 1068 volo.
426 1022 450 1069 6.
470 1021 537 1068 Tum
547 1020 673 1079 quispiam
686 1034 720 1069 ex
734 1021 782 1081 iit,
802 1022 847 1080 qui

40 1100 68 1134 te
84 1087 118 1132 ad
135 1087 230 1134 literas
245 1087 432 1146 memoriasque
451 1090 555 1134 veteres
571 1088 717 1135 dediderat:
737 1089 848 1152 Vulgus,

41 1153 128 1213 inquit
137 1185 147 1216 ,
173 1156 401 1214 grammaticorum
418 1157 641 1215 septemtrionem
660 1155 720 1203 noio
737 1169 845 1203 numero

40 1221 179 1269 uenarum
194 1222 290 1268 dietum
305 1225 387 1281 putat·
420 1224 448 1268 7.
470 1225 580 1269 Triones
595 1223 662 1269 enim
677 1236 794 1280 peraeae
804 1221 845 1269 ni·

38 1288 78 1335 hil
92 1288 243 1348 significare
259 1288 344 1350 aiunt,
364 1289 409 1336 ted
424 1289 546 1353 vocabuli
561 1303 618 1336 esee
628 1290 845 1348 supplementum:

38 1355 108 1402 oicut
118 1356 148 1402 in
159 1370 202 1413 eo,
215 1357 286 1419 quod
295 1359 468 1418 quinquatrua
479 1356 601 1415 dicamus,
616 1357 684 1414 quod
694 1359 804 1419 quinqua
815 1358 846 1405 ab

38 1422 128 1469 idibus
139 1422 241 1472 dierum
251 1438 373 1470 numerus
383 1423 425 1484 eit,
438 1431 514 1471 otrus
524 1424 591 1469 nihii
601 1423 728 1482 figniicet.
755 1427 779 1471 8,.
795 1423 847 1471 Sed

38 1501 88 1550 ego
101 1489 209 1547 quidem
219 1505 276 1537 eum
281 1490 309 1536 L.
316 1489 393 1537 Aelio
406 1494 432 1537 et
442 1492 478 1537 Μ.
488 1491 607 1538 Varrone
618 1490 712 1551 tentio,
723 1490 767 1550 qui
777 1492 846 1539 trio-

38 1571 87 1605 πει
103 1556 205 1605 rustico
225 1560 296 1605 certo
314 1559 441 1605 vocabulo
459 1559 540 1604 bouet
560 1557 704 1615 appellatos
719 1558 846 1618 peribunt,

39 1624 118 1684 quati
129 1625 255 1683 quondam
265 1628 406 1685 terriones,
420 1625 469 1672 hoc
481 1628 533 1680 est,
549 1624 659 1672 arandae
670 1624 845 1683 colendaeque

38 1695 127 1738 terrae
140 1691 259 1741 idoneos.
295 1695 319 1739 9.
337 1695 425 1751 itaque
438 1691 488 1739 hoe
505 1692 590 1750 aidus,
608 1692 676 1749 quod
685 1703 701 1736 ι
711 1693 790 1751 figura
799 1706 847 1751 po·

40 1760 176 1819 titumque
186 1758 318 1818 ipea,quia
327 1760 412 1806 simile
423 1759 532 1818 plaustri
543 1759 653 1813 videtur,
660 1758 760 1816 antiqui
767 1761 848 1805 Grae-

40 1838 130 1872 corum
145 1819 245 1889 ἅμαξαν
260 1827 397 1884 dixerunt,
416 1826 500 1873 nostri
515 1839 616 1884 quoque
627 1827 729 1872 veteres
741 1839 755 1872 a
765 1826 846 1873 bubus

40 1893 138 1941 iunctio
145 1896 343 1954 septemtriones
349 1894 529 1953 appellarunt3
541 1893 742 1950 ideat‚aeeptem
750 1891 847 1949 stellis,

41 1961 183 2018 exquibus
199 1961 272 2020 quasi
287 1961 371 2009 iuneti
386 1966 482 2007 triones
498 1961 646 2019 figurantur.
684 1961 724 2006 1⁰.
743 1959 849 2007 Praeter

40 2027 115 2088 hane,
127 2028 222 2087 inquit,
233 2028 381 2086 opinionem
391 2028 418 2074 id
427 2041 528 2087 quoque
539 2028 622 2073 Varro
634 2026 713 2085 addit,
729 2025 845 2075 dubitare

41 2107 97 2142 tete
103 2127 116 2152 ,
131 2109 165 2143 an
176 2099 315 2155 propterea
325 2095 407 2155 magis
416 2095 465 2142 hae
476 2096 575 2153 septem
585 2094 679 2139 stellae
690 2093 790 2140 triones
800 2105 846 2152 ep·

42 2163 155 2220 pellatae
166 2164 232 2223 sint,
253 2163 315 2220 quia
324 2163 362 2210 ita
371 2165 432 2212 tunt
441 2161 523 2221 sitae,
541 2165 570 2207 ut
580 2164 670 2206 ternae
681 2159 775 2207 stellae
783 2173 847 2218 pro·

40 2229 128 2277 ximae
140 2242 257 2289 quaeque
266 2229 337 2277 inter
346 2243 403 2277 oeae
414 2229 512 2275 facient
523 2228 636 2287 trigona,
652 2227 679 2273 id
689 2230 738 2288 eet,
748 2225 847 2284 trique-

40 2298 218 2357 ernegum.
257 2298 298 2343 11.
316 2298 360 2345 Ex
372 2296 414 2344 hie
430 2296 527 2342 duabus
542 2293 701 2351 rationibus,
721 2306 783 2353 quat
798 2294 847 2342 iile

41 2361 119 2425 dixit,
136 2363 206 2422 quod
215 2364 347 2423 posteriue
358 2366 406 2424 eet,
424 2361 546 2410 subtilius
557 2361 752 2420 elegantiusque
764 2359 847 2408 visum

42 2432 88 2479 eet.
124 2430 290 2482 Intuentibus
305 2431 373 2478 enim
388 2430 464 2477 nobie
479 2429 507 2475 in
516 2429 597 2490 illud,
617 2428 655 2475 ita
665 2427 849 2491 propemodum

40 2507 85 2545 tea
92 2502 159 2564 erat,
170 2499 201 2546 ut
210 2511 242 2545 ea
251 2500 335 2547 forma
345 2512 402 2548 eme
411 2497 536 2559 triquetra
546 2495 686 2544 videretur.
