<?xml version="1.0" encoding="UTF-8"?>
<!DOCTYPE html PUBLIC "-//W3C//DTD XHTML 1.0 Transitional//EN"
    "http://www.w3.org/TR/xhtml1/DTD/xhtml1-transitional.dtd">
<html xmlns="http://www.w3.org/1999/xhtml" xml:lang="en" lang="en">
 <head>
  <title>
</title>
<meta http-equiv="Content-Type" content="text/html;charset=utf-8" />
  <meta name='ocr-system' content='tesseract 3.04.00' />
  <meta name='ocr-capabilities' content='ocr_page ocr_carea ocr_par ocr_line ocrx_word'/>
</head>
<body>
  <div class='ocr_page' id='page_1' title='image "auligelliinocte04gellgoog_0233.png"; bbox 0 0 2067 3034; ppageno 0'>
   <div class='ocr_carea' id='block_1_1' title="bbox 314 173 907 223">
    <p class='ocr_par' dir='ltr' id='par_1_1' title="bbox 314 173 907 223">
     <span class='ocr_line' id='line_1_1' title="bbox 314 173 907 223; baseline 0.003 -3"><span class='ocrx_word' id='word_1_1' title='bbox 314 174 393 220; x_wconf 73' lang='grc' dir='ltr'><strong>ΜΒ.</strong></span> <span class='ocrx_word' id='word_1_2' title='bbox 412 173 445 220; x_wconf 83' lang='grc' dir='ltr'><strong>Χ.</strong></span> <span class='ocrx_word' id='word_1_3' title='bbox 481 174 570 221; x_wconf 79' lang='lat' dir='ltr'><strong>csP.</strong></span> <span class='ocrx_word' id='word_1_4' title='bbox 592 176 630 220; x_wconf 86' lang='lat' dir='ltr'><strong>ls.</strong></span> <span class='ocrx_word' id='word_1_5' title='bbox 650 176 690 221; x_wconf 72' lang='lat'><strong>19.</strong></span> <span class='ocrx_word' id='word_1_6' title='bbox 856 174 907 223; x_wconf 74' lang='lat'><strong>229</strong></span> 
     </span>
    </p>
   </div>
   <div class='ocr_carea' id='block_1_2' title="bbox 333 288 677 341">
    <p class='ocr_par' dir='ltr' id='par_1_2' title="bbox 333 288 677 341">
     <span class='ocr_line' id='line_1_2' title="bbox 333 288 677 341; baseline -0.006 0"><span class='ocrx_word' id='word_1_7' title='bbox 333 289 518 341; x_wconf 81' lang='lat' dir='ltr'><strong>CAPUT</strong></span> <span class='ocrx_word' id='word_1_8' title='bbox 555 288 677 341; x_wconf 84' lang='lat' dir='ltr'><strong>XVlll.</strong></span> 
     </span>
    </p>
   </div>
   <div class='ocr_carea' id='block_1_3' title="bbox 100 352 908 2231">
    <p class='ocr_par' dir='ltr' id='par_1_3' title="bbox 128 352 904 416">
     <span class='ocr_line' id='line_1_3' title="bbox 128 352 904 416; baseline 0.008 -22"><span class='ocrx_word' id='word_1_9' title='bbox 128 352 234 397; x_wconf 75' lang='lat' dir='ltr'><strong>Historia</strong></span> <span class='ocrx_word' id='word_1_10' title='bbox 244 357 270 397; x_wconf 84' lang='lat' dir='ltr'><strong>de</strong></span> <span class='ocrx_word' id='word_1_11' title='bbox 279 354 413 407; x_wconf 75' lang='lat' dir='ltr'><strong>Artemisia,</strong></span> <span class='ocrx_word' id='word_1_12' title='bbox 430 361 498 416; x_wconf 79' lang='lat' dir='ltr'><strong>deque</strong></span> <span class='ocrx_word' id='word_1_13' title='bbox 507 370 532 400; x_wconf 89' lang='lat' dir='ltr'><strong>eo</strong></span> <span class='ocrx_word' id='word_1_14' title='bbox 544 358 677 408; x_wconf 78' lang='lat' dir='ltr'><strong>certrsms&#39;ne,</strong></span> <span class='ocrx_word' id='word_1_15' title='bbox 692 361 754 414; x_wconf 77' lang='lat' dir='ltr'><strong>quod</strong></span> <span class='ocrx_word' id='word_1_16' title='bbox 762 363 827 413; x_wconf 77' lang='lat' dir='ltr'><strong>apud</strong></span> <span class='ocrx_word' id='word_1_17' title='bbox 836 358 904 400; x_wconf 70' lang='lat' dir='ltr'><strong>slies-</strong></span> 
     </span>
    </p>

    <p class='ocr_par' dir='ltr' id='par_1_4' title="bbox 158 409 814 470">
     <span class='ocr_line' id='line_1_4' title="bbox 158 409 814 470; baseline -0.003 -16"><span class='ocrx_word' id='word_1_18' title='bbox 158 409 204 454; x_wconf 80' lang='lat' dir='ltr'><strong>soli</strong></span> <span class='ocrx_word' id='word_1_19' title='bbox 212 412 339 467; x_wconf 84' lang='lat' dir='ltr'><strong>sepulcrum</strong></span> <span class='ocrx_word' id='word_1_20' title='bbox 347 413 521 470; x_wconf 80' lang='lat' dir='ltr'><strong>ascriptoribus</strong></span> <span class='ocrx_word' id='word_1_21' title='bbox 530 413 616 457; x_wconf 80' lang='lat' dir='ltr'><strong>inclitis</strong></span> <span class='ocrx_word' id='word_1_22' title='bbox 626 417 766 456; x_wconf 77' lang='lat' dir='ltr'><em>decertatum</em></span> <span class='ocrx_word' id='word_1_23' title='bbox 775 422 814 456; x_wconf 85' lang='lat' dir='ltr'><strong>est.</strong></span> 
     </span>
    </p>

    <p class='ocr_par' dir='ltr' id='par_1_5' title="bbox 100 487 908 2231">
     <span class='ocr_line' id='line_1_5' title="bbox 138 487 907 546; baseline 0.003 -14"><span class='ocrx_word' id='word_1_24' title='bbox 138 489 162 532; x_wconf 82' lang='lat'><strong>1.</strong></span> <span class='ocrx_word' id='word_1_25' title='bbox 180 487 320 533; x_wconf 83' lang='lat' dir='ltr'><strong>Artemisia</strong></span> <span class='ocrx_word' id='word_1_26' title='bbox 337 487 485 534; x_wconf 77' lang='lat' dir='ltr'><strong>Mausolum</strong></span> <span class='ocrx_word' id='word_1_27' title='bbox 506 491 588 536; x_wconf 84' lang='lat' dir='ltr'><strong>virum</strong></span> <span class='ocrx_word' id='word_1_28' title='bbox 606 502 705 537; x_wconf 88' lang='lat' dir='ltr'><strong>amasse</strong></span> <span class='ocrx_word' id='word_1_29' title='bbox 727 490 810 535; x_wconf 79' lang='lat' dir='ltr'><strong>fertur</strong></span> <span class='ocrx_word' id='word_1_30' title='bbox 829 489 907 546; x_wconf 81' lang='lat' dir='ltr'><strong>supin</strong></span> 
     </span>
     <span class='ocr_line' id='line_1_6' title="bbox 101 554 907 614; baseline -0.002 -13"><span class='ocrx_word' id='word_1_31' title='bbox 101 567 193 601; x_wconf 84' lang='lat' dir='ltr'><strong>ornnes</strong></span> <span class='ocrx_word' id='word_1_32' title='bbox 203 567 317 599; x_wconf 88' lang='lat' dir='ltr'><strong>amorum</strong></span> <span class='ocrx_word' id='word_1_33' title='bbox 328 554 437 614; x_wconf 74' lang='lat' dir='ltr'><strong>tubulos,</strong></span> <span class='ocrx_word' id='word_1_34' title='bbox 456 554 575 614; x_wconf 86' lang='lat' dir='ltr'><strong>ultraque</strong></span> <span class='ocrx_word' id='word_1_35' title='bbox 585 555 731 603; x_wconf 71' lang='lat' dir='ltr'><strong>affectionis</strong></span> <span class='ocrx_word' id='word_1_36' title='bbox 741 557 867 602; x_wconf 84' lang='lat' dir='ltr'><strong>humanae</strong></span> <span class='ocrx_word' id='word_1_37' title='bbox 878 558 907 599; x_wconf 85' lang='lat' dir='ltr'><strong>ti-</strong></span> 
     </span>
     <span class='ocr_line' id='line_1_7' title="bbox 102 621 905 680; baseline 0.004 -13"><span class='ocrx_word' id='word_1_38' title='bbox 102 621 171 668; x_wconf 85' lang='lat' dir='ltr'><strong>dem.</strong></span> <span class='ocrx_word' id='word_1_39' title='bbox 204 623 230 667; x_wconf 83' lang='lat'><strong>2.</strong></span> <span class='ocrx_word' id='word_1_40' title='bbox 247 621 384 667; x_wconf 87' lang='lat' dir='ltr'><strong>Mausolus</strong></span> <span class='ocrx_word' id='word_1_41' title='bbox 398 625 484 668; x_wconf 87' lang='lat' dir='ltr'><strong>autem</strong></span> <span class='ocrx_word' id='word_1_42' title='bbox 497 624 562 680; x_wconf 87' lang='lat' dir='ltr'><strong>luit,</strong></span> <span class='ocrx_word' id='word_1_43' title='bbox 580 629 610 670; x_wconf 88' lang='lat' dir='ltr'><strong>ut</strong></span> <span class='ocrx_word' id='word_1_44' title='bbox 622 626 658 669; x_wconf 90' lang='grc' dir='ltr'><strong>Μ.</strong></span> <span class='ocrx_word' id='word_1_45' title='bbox 669 624 773 680; x_wconf 78' lang='lat' dir='ltr'><strong>Tullius</strong></span> <span class='ocrx_word' id='word_1_46' title='bbox 788 623 837 680; x_wconf 88' lang='lat' dir='ltr'><strong>ait,</strong></span> <span class='ocrx_word' id='word_1_47' title='bbox 856 636 905 670; x_wconf 85' lang='lat' dir='ltr'><strong>rex</strong></span> 
     </span>
     <span class='ocr_line' id='line_1_8' title="bbox 100 688 907 746; baseline 0.002 -12"><span class='ocrx_word' id='word_1_48' title='bbox 100 695 188 735; x_wconf 83' lang='lat' dir='ltr'><strong>terrae</strong></span> <span class='ocrx_word' id='word_1_49' title='bbox 203 688 307 746; x_wconf 78' lang='lat' dir='ltr'><strong>Carise3</strong></span> <span class='ocrx_word' id='word_1_50' title='bbox 329 691 358 735; x_wconf 87' lang='lat' dir='ltr'><strong>ut</strong></span> <span class='ocrx_word' id='word_1_51' title='bbox 371 688 476 745; x_wconf 86' lang='lat' dir='ltr'><strong>quidam</strong></span> <span class='ocrx_word' id='word_1_52' title='bbox 487 693 644 738; x_wconf 84' lang='lat' dir='ltr'><strong>Graecarum</strong></span> <span class='ocrx_word' id='word_1_53' title='bbox 658 690 825 737; x_wconf 77' lang='lat' dir='ltr'><strong>historiarum</strong></span> <span class='ocrx_word' id='word_1_54' title='bbox 840 690 907 736; x_wconf 86' lang='lat' dir='ltr'><strong>seri-</strong></span> 
     </span>
     <span class='ocr_line' id='line_1_9' title="bbox 102 754 908 817; baseline 0 -16"><span class='ocrx_word' id='word_1_55' title='bbox 102 761 192 815; x_wconf 88' lang='lat' dir='ltr'><strong>ptores</strong></span> <span class='ocrx_word' id='word_1_56' title='bbox 203 754 300 810; x_wconf 80' lang='lat' dir='ltr'><strong>dicunt,</strong></span> <span class='ocrx_word' id='word_1_57' title='bbox 312 755 462 813; x_wconf 83' lang='lat' dir='ltr'><strong>provinciae</strong></span> <span class='ocrx_word' id='word_1_58' title='bbox 473 759 587 804; x_wconf 87' lang='lat' dir='ltr'><strong>Graecae</strong></span> <span class='ocrx_word' id='word_1_59' title='bbox 597 760 756 817; x_wconf 76' lang='lat' dir='ltr'><strong>preelectus,</strong></span> <span class='ocrx_word' id='word_1_60' title='bbox 773 771 847 814; x_wconf 90' lang='lat' dir='ltr'><strong>quem</strong></span> <span class='ocrx_word' id='word_1_61' title='bbox 857 769 908 801; x_wconf 84' lang='lat' dir='ltr'><strong>ou-</strong></span> 
     </span>
     <span class='ocr_line' id='line_1_10' title="bbox 101 819 907 884; baseline 0 -15"><span class='ocrx_word' id='word_1_62' title='bbox 101 819 203 884; x_wconf 76' lang='lat' dir='ltr'><strong>spo&#39;uqv</strong></span> <span class='ocrx_word' id='word_1_63' title='bbox 214 822 307 868; x_wconf 84' lang='lat' dir='ltr'><strong>Graeci</strong></span> <span class='ocrx_word' id='word_1_64' title='bbox 318 826 420 869; x_wconf 75' lang='lat' dir='ltr'><strong>vocant.</strong></span> <span class='ocrx_word' id='word_1_65' title='bbox 454 826 478 868; x_wconf 81' lang='grc'><strong>3.</strong></span> <span class='ocrx_word' id='word_1_66' title='bbox 497 828 523 871; x_wconf 88' lang='lat' dir='ltr'><strong>ls</strong></span> <span class='ocrx_word' id='word_1_67' title='bbox 533 826 669 871; x_wconf 74' lang='lat' dir='ltr'><strong>Mausolus</strong></span> <span class='ocrx_word' id='word_1_68' title='bbox 679 826 723 871; x_wconf 92' lang='lat' dir='ltr'><strong>ubi</strong></span> <span class='ocrx_word' id='word_1_69' title='bbox 735 827 788 871; x_wconf 84' lang='lat' dir='ltr'><strong>lato</strong></span> <span class='ocrx_word' id='word_1_70' title='bbox 801 826 907 882; x_wconf 86' lang='lat' dir='ltr'><strong>pertun·</strong></span> 
     </span>
     <span class='ocr_line' id='line_1_11' title="bbox 101 889 907 949; baseline -0.001 -13"><span class='ocrx_word' id='word_1_71' title='bbox 101 894 159 937; x_wconf 83' lang='lat' dir='ltr'><strong>ctus</strong></span> <span class='ocrx_word' id='word_1_72' title='bbox 169 892 218 945; x_wconf 89' lang='lat' dir='ltr'><strong>est,</strong></span> <span class='ocrx_word' id='word_1_73' title='bbox 231 892 258 934; x_wconf 91' lang='lat' dir='ltr'><strong>et</strong></span> <span class='ocrx_word' id='word_1_74' title='bbox 268 889 336 935; x_wconf 85' lang='lat' dir='ltr'><strong>inter</strong></span> <span class='ocrx_word' id='word_1_75' title='bbox 345 890 458 936; x_wconf 87' lang='lat' dir='ltr'><strong>lamenta</strong></span> <span class='ocrx_word' id='word_1_76' title='bbox 469 896 496 937; x_wconf 91' lang='lat' dir='ltr'><strong>et</strong></span> <span class='ocrx_word' id='word_1_77' title='bbox 504 905 593 937; x_wconf 88' lang='lat' dir='ltr'><strong>manus</strong></span> <span class='ocrx_word' id='word_1_78' title='bbox 602 893 695 939; x_wconf 83' lang='lat' dir='ltr'><strong>uxoris</strong></span> <span class='ocrx_word' id='word_1_79' title='bbox 706 894 796 938; x_wconf 85' lang='lat' dir='ltr'><strong>iuuere</strong></span> <span class='ocrx_word' id='word_1_80' title='bbox 806 891 907 949; x_wconf 80' lang='lat' dir='ltr'><strong>mugni-</strong></span> 
     </span>
     <span class='ocr_line' id='line_1_12' title="bbox 102 957 906 1018; baseline 0 -15"><span class='ocrx_word' id='word_1_81' title='bbox 102 959 150 1004; x_wconf 88' lang='lat' dir='ltr'><strong>lico</strong></span> <span class='ocrx_word' id='word_1_82' title='bbox 160 957 279 1015; x_wconf 84' lang='lat' dir='ltr'><strong>sepultus</strong></span> <span class='ocrx_word' id='word_1_83' title='bbox 289 959 337 1012; x_wconf 85' lang='lat' dir='ltr'><strong>cst,</strong></span> <span class='ocrx_word' id='word_1_84' title='bbox 348 958 493 1018; x_wconf 83' lang='lat' dir='ltr'><strong>Artemisia,</strong></span> <span class='ocrx_word' id='word_1_85' title='bbox 509 958 582 1005; x_wconf 88' lang='lat' dir='ltr'><strong>luctu</strong></span> <span class='ocrx_word' id='word_1_86' title='bbox 592 960 668 1017; x_wconf 89' lang='lat' dir='ltr'><strong>atque</strong></span> <span class='ocrx_word' id='word_1_87' title='bbox 678 959 809 1005; x_wconf 88' lang='lat' dir='ltr'><strong>desiderio</strong></span> <span class='ocrx_word' id='word_1_88' title='bbox 819 957 906 1004; x_wconf 83' lang='lat' dir='ltr'><strong>mariti</strong></span> 
     </span>
     <span class='ocr_line' id='line_1_13' title="bbox 102 1023 907 1087; baseline 0 -17"><span class='ocrx_word' id='word_1_89' title='bbox 102 1026 225 1082; x_wconf 74' lang='lat' dir='ltr'><strong>flagrans,</strong></span> <span class='ocrx_word' id='word_1_90' title='bbox 235 1037 297 1070; x_wconf 85' lang='lat' dir='ltr'><strong>ossa</strong></span> <span class='ocrx_word' id='word_1_91' title='bbox 306 1023 470 1083; x_wconf 77' lang='lat' dir='ltr'><strong>cineremque</strong></span> <span class='ocrx_word' id='word_1_92' title='bbox 482 1026 547 1087; x_wconf 88' lang='lat' dir='ltr'><strong>eius,</strong></span> <span class='ocrx_word' id='word_1_93' title='bbox 557 1026 642 1073; x_wconf 81' lang='lat' dir='ltr'><strong>mixta</strong></span> <span class='ocrx_word' id='word_1_94' title='bbox 651 1026 774 1072; x_wconf 87' lang='lat' dir='ltr'><strong>odoribus</strong></span> <span class='ocrx_word' id='word_1_95' title='bbox 785 1030 907 1072; x_wconf 87' lang='lat' dir='ltr'><strong>contusa-</strong></span> 
     </span>
     <span class='ocr_line' id='line_1_14' title="bbox 101 1090 906 1151; baseline 0.002 -14"><span class='ocrx_word' id='word_1_96' title='bbox 101 1105 154 1150; x_wconf 83' lang='lat' dir='ltr'><strong>que</strong></span> <span class='ocrx_word' id='word_1_97' title='bbox 164 1091 192 1137; x_wconf 88' lang='lat' dir='ltr'><strong>in</strong></span> <span class='ocrx_word' id='word_1_98' title='bbox 202 1090 318 1150; x_wconf 82' lang='lat' dir='ltr'><strong>pulveris</strong></span> <span class='ocrx_word' id='word_1_99' title='bbox 328 1092 428 1148; x_wconf 79' lang='lat' dir='ltr'><strong>taciem,</strong></span> <span class='ocrx_word' id='word_1_100' title='bbox 439 1106 518 1149; x_wconf 85' lang='lat' dir='ltr'><strong>aquae</strong></span> <span class='ocrx_word' id='word_1_101' title='bbox 531 1094 634 1151; x_wconf 80' lang='lat' dir='ltr'><strong>indidit,</strong></span> <span class='ocrx_word' id='word_1_102' title='bbox 645 1094 789 1150; x_wconf 83' lang='lat' dir='ltr'><strong>ebibitque:</strong></span> <span class='ocrx_word' id='word_1_103' title='bbox 807 1093 906 1140; x_wconf 86' lang='lat' dir='ltr'><strong>multa-</strong></span> 
     </span>
     <span class='ocr_line' id='line_1_15' title="bbox 103 1158 906 1217; baseline -0.001 -12"><span class='ocrx_word' id='word_1_104' title='bbox 103 1173 153 1217; x_wconf 91' lang='lat' dir='ltr'><strong>que</strong></span> <span class='ocrx_word' id='word_1_105' title='bbox 162 1158 216 1204; x_wconf 83' lang='lat' dir='ltr'><strong>alis</strong></span> <span class='ocrx_word' id='word_1_106' title='bbox 226 1158 336 1206; x_wconf 87' lang='lat' dir='ltr'><strong>violenti</strong></span> <span class='ocrx_word' id='word_1_107' title='bbox 346 1160 443 1205; x_wconf 88' lang='lat' dir='ltr'><strong>amoris</strong></span> <span class='ocrx_word' id='word_1_108' title='bbox 453 1160 552 1208; x_wconf 87' lang='lat' dir='ltr'><strong>indicia</strong></span> <span class='ocrx_word' id='word_1_109' title='bbox 562 1162 655 1209; x_wconf 82' lang='lat' dir='ltr'><strong>iecisse</strong></span> <span class='ocrx_word' id='word_1_110' title='bbox 665 1159 769 1207; x_wconf 84' lang='lat' dir='ltr'><strong>dicitur.</strong></span> <span class='ocrx_word' id='word_1_111' title='bbox 804 1163 830 1205; x_wconf 80' lang='lat'><strong>4.</strong></span> <span class='ocrx_word' id='word_1_112' title='bbox 848 1163 906 1207; x_wconf 87' lang='lat' dir='ltr'><strong>Mo-</strong></span> 
     </span>
     <span class='ocr_line' id='line_1_16' title="bbox 102 1226 906 1287; baseline 0 -14"><span class='ocrx_word' id='word_1_113' title='bbox 102 1227 153 1273; x_wconf 86' lang='lat' dir='ltr'><strong>lita</strong></span> <span class='ocrx_word' id='word_1_114' title='bbox 161 1239 262 1283; x_wconf 89' lang='lat' dir='ltr'><strong>quoque</strong></span> <span class='ocrx_word' id='word_1_115' title='bbox 274 1228 313 1271; x_wconf 90' lang='lat' dir='ltr'><strong>est</strong></span> <span class='ocrx_word' id='word_1_116' title='bbox 323 1226 424 1284; x_wconf 76' lang='lat' dir='ltr'><strong>ingenti</strong></span> <span class='ocrx_word' id='word_1_117' title='bbox 434 1226 531 1286; x_wconf 88' lang='lat' dir='ltr'><strong>impetu</strong></span> <span class='ocrx_word' id='word_1_118' title='bbox 542 1228 639 1287; x_wconf 88' lang='lat' dir='ltr'><strong>operis,</strong></span> <span class='ocrx_word' id='word_1_119' title='bbox 651 1228 844 1276; x_wconf 83' lang='lat' dir='ltr'><strong>conservandae</strong></span> <span class='ocrx_word' id='word_1_120' title='bbox 851 1241 906 1273; x_wconf 82' lang='lat' dir='ltr'><strong>ma-</strong></span> 
     </span>
     <span class='ocr_line' id='line_1_17' title="bbox 101 1288 905 1356; baseline -0.002 -15"><span class='ocrx_word' id='word_1_121' title='bbox 101 1293 148 1342; x_wconf 84' lang='lat' dir='ltr'><strong>riti</strong></span> <span class='ocrx_word' id='word_1_122' title='bbox 157 1293 297 1340; x_wconf 83' lang='lat' dir='ltr'><strong>memoriae</strong></span> <span class='ocrx_word' id='word_1_123' title='bbox 304 1288 413 1356; x_wconf 54' lang='lat' dir='ltr'><strong>[causei</strong></span> <span class='ocrx_word' id='word_1_124' title='bbox 421 1296 568 1353; x_wconf 84' lang='lat' dir='ltr'><strong>sepulcrum</strong></span> <span class='ocrx_word' id='word_1_125' title='bbox 577 1295 644 1342; x_wconf 92' lang='lat' dir='ltr'><strong>illud</strong></span> <span class='ocrx_word' id='word_1_126' title='bbox 652 1294 905 1352; x_wconf 84' lang='lat' dir='ltr'><strong>memoratissimum,</strong></span> 
     </span>
     <span class='ocr_line' id='line_1_18' title="bbox 103 1361 906 1421; baseline 0 -14"><span class='ocrx_word' id='word_1_127' title='bbox 103 1361 287 1419; x_wconf 75' lang='lat' dir='ltr'><strong>dignatumque</strong></span> <span class='ocrx_word' id='word_1_128' title='bbox 303 1361 434 1407; x_wconf 85' lang='lat' dir='ltr'><strong>numerari</strong></span> <span class='ocrx_word' id='word_1_129' title='bbox 449 1361 519 1408; x_wconf 90' lang='lat' dir='ltr'><strong>inter</strong></span> <span class='ocrx_word' id='word_1_130' title='bbox 533 1367 632 1421; x_wconf 87' lang='lat' dir='ltr'><strong>septem</strong></span> <span class='ocrx_word' id='word_1_131' title='bbox 646 1364 760 1408; x_wconf 88' lang='lat' dir='ltr'><strong>omnium</strong></span> <span class='ocrx_word' id='word_1_132' title='bbox 778 1364 906 1407; x_wconf 86' lang='lat' dir='ltr'><strong>terrarum</strong></span> 
     </span>
     <span class='ocr_line' id='line_1_19' title="bbox 101 1428 906 1491; baseline -0.001 -17"><span class='ocrx_word' id='word_1_133' title='bbox 101 1428 260 1491; x_wconf 71' lang='lat' dir='ltr'><strong>spectacula.</strong></span> <span class='ocrx_word' id='word_1_134' title='bbox 300 1432 325 1473; x_wconf 84' lang='lat' dir='ltr'><strong>b.</strong></span> <span class='ocrx_word' id='word_1_135' title='bbox 348 1428 378 1474; x_wconf 91' lang='lat' dir='ltr'><strong>ld</strong></span> <span class='ocrx_word' id='word_1_136' title='bbox 398 1432 589 1475; x_wconf 87' lang='lat' dir='ltr'><strong>monumentum</strong></span> <span class='ocrx_word' id='word_1_137' title='bbox 607 1430 747 1477; x_wconf 75' lang='lat' dir='ltr'><strong>Artemisia</strong></span> <span class='ocrx_word' id='word_1_138' title='bbox 767 1443 823 1474; x_wconf 88' lang='lat' dir='ltr'><strong>cum</strong></span> <span class='ocrx_word' id='word_1_139' title='bbox 848 1428 906 1474; x_wconf 79' lang='lat' dir='ltr'><strong>Diis</strong></span> 
     </span>
     <span class='ocr_line' id='line_1_20' title="bbox 101 1490 904 1560; baseline -0.002 -16"><span class='ocrx_word' id='word_1_140' title='bbox 101 1495 223 1544; x_wconf 83' lang='lat' dir='ltr'><strong>Manibus</strong></span> <span class='ocrx_word' id='word_1_141' title='bbox 233 1494 441 1542; x_wconf 86' lang='lat' dir='ltr'><strong>SacrisMausoli</strong></span> <span class='ocrx_word' id='word_1_142' title='bbox 450 1496 557 1556; x_wconf 78' lang='lat' dir='ltr'><strong>dicaret,</strong></span> <span class='ocrx_word' id='word_1_143' title='bbox 568 1490 654 1558; x_wconf 78' lang='grc' dir='ltr'><em>ἀγῶνα</em></span> <span class='ocrx_word' id='word_1_144' title='bbox 665 1493 702 1560; x_wconf 85' lang='lat' dir='ltr'><strong>[id</strong></span> <span class='ocrx_word' id='word_1_145' title='bbox 712 1498 753 1542; x_wconf 85' lang='lat' dir='ltr'><strong>est</strong></span> <span class='ocrx_word' id='word_1_146' title='bbox 762 1499 904 1553; x_wconf 66' lang='lat' dir='ltr'><strong>certamen]</strong></span> 
     </span>
     <span class='ocr_line' id='line_1_21' title="bbox 101 1562 905 1623; baseline -0.002 -12"><span class='ocrx_word' id='word_1_147' title='bbox 101 1562 223 1611; x_wconf 87' lang='lat' dir='ltr'><strong>laudibus</strong></span> <span class='ocrx_word' id='word_1_148' title='bbox 233 1562 289 1608; x_wconf 90' lang='lat' dir='ltr'><strong>eius</strong></span> <span class='ocrx_word' id='word_1_149' title='bbox 299 1562 416 1608; x_wconf 88' lang='lat' dir='ltr'><strong>dicundis</strong></span> <span class='ocrx_word' id='word_1_150' title='bbox 428 1563 503 1621; x_wconf 81' lang='lat' dir='ltr'><strong>tacit3</strong></span> <span class='ocrx_word' id='word_1_151' title='bbox 523 1564 645 1623; x_wconf 81' lang='lat' dir='ltr'><strong>ponitque</strong></span> <span class='ocrx_word' id='word_1_152' title='bbox 656 1563 770 1623; x_wconf 85' lang='lat' dir='ltr'><strong>praemia</strong></span> <span class='ocrx_word' id='word_1_153' title='bbox 779 1565 905 1623; x_wconf 82' lang='lat' dir='ltr'><strong>pecuniae</strong></span> 
     </span>
     <span class='ocr_line' id='line_1_22' title="bbox 101 1629 905 1689; baseline 0.001 -13"><span class='ocrx_word' id='word_1_154' title='bbox 101 1629 264 1686; x_wconf 83' lang='lat' dir='ltr'><strong>aliarumque</strong></span> <span class='ocrx_word' id='word_1_155' title='bbox 274 1643 362 1676; x_wconf 88' lang='lat' dir='ltr'><strong>rerum</strong></span> <span class='ocrx_word' id='word_1_156' title='bbox 372 1632 497 1676; x_wconf 77' lang='lat' dir='ltr'><strong>bonarum</strong></span> <span class='ocrx_word' id='word_1_157' title='bbox 508 1631 677 1689; x_wconf 87' lang='lat' dir='ltr'><strong>amplissima.</strong></span> <span class='ocrx_word' id='word_1_158' title='bbox 705 1635 729 1677; x_wconf 81' lang='grc'><strong>6.</strong></span> <span class='ocrx_word' id='word_1_159' title='bbox 743 1632 836 1677; x_wconf 80' lang='lat' dir='ltr'><strong>Adeas</strong></span> <span class='ocrx_word' id='word_1_160' title='bbox 847 1633 905 1677; x_wconf 88' lang='lat' dir='ltr'><strong>lao-</strong></span> 
     </span>
     <span class='ocr_line' id='line_1_23' title="bbox 102 1697 905 1757; baseline 0.001 -15"><span class='ocrx_word' id='word_1_161' title='bbox 102 1698 147 1743; x_wconf 91' lang='lat' dir='ltr'><strong>des</strong></span> <span class='ocrx_word' id='word_1_162' title='bbox 168 1697 335 1743; x_wconf 75' lang='lat' dir='ltr'><strong>decertandas</strong></span> <span class='ocrx_word' id='word_1_163' title='bbox 355 1697 458 1743; x_wconf 84' lang='lat' dir='ltr'><strong>uenisse</strong></span> <span class='ocrx_word' id='word_1_164' title='bbox 479 1699 599 1744; x_wconf 89' lang='lat' dir='ltr'><strong>dicuutur</strong></span> <span class='ocrx_word' id='word_1_165' title='bbox 614 1700 665 1745; x_wconf 87' lang='lat' dir='ltr'><strong>viri</strong></span> <span class='ocrx_word' id='word_1_166' title='bbox 679 1699 782 1745; x_wconf 87' lang='lat' dir='ltr'><strong>nobiles</strong></span> <span class='ocrx_word' id='word_1_167' title='bbox 797 1699 905 1757; x_wconf 79' lang='lat' dir='ltr'><strong>ingenio</strong></span> 
     </span>
     <span class='ocr_line' id='line_1_24' title="bbox 102 1764 905 1827; baseline 0.001 -17"><span class='ocrx_word' id='word_1_168' title='bbox 102 1768 180 1821; x_wconf 87' lang='lat' dir='ltr'><strong>atque</strong></span> <span class='ocrx_word' id='word_1_169' title='bbox 189 1764 280 1825; x_wconf 77' lang='lat' dir='ltr'><strong>lingua</strong></span> <span class='ocrx_word' id='word_1_170' title='bbox 289 1764 447 1822; x_wconf 83' lang='lat' dir='ltr'><strong>praestabili,</strong></span> <span class='ocrx_word' id='word_1_171' title='bbox 453 1766 643 1826; x_wconf 89' lang='lat' dir='ltr'><strong>Theopompus,</strong></span> <span class='ocrx_word' id='word_1_172' title='bbox 654 1765 824 1827; x_wconf 75' lang='lat' dir='ltr'><strong>Theodectes,</strong></span> <span class='ocrx_word' id='word_1_173' title='bbox 834 1768 905 1811; x_wconf 83' lang='lat' dir='ltr'><strong>Nau·</strong></span> 
     </span>
     <span class='ocr_line' id='line_1_25' title="bbox 102 1831 905 1892; baseline -0.001 -13"><span class='ocrx_word' id='word_1_174' title='bbox 102 1833 196 1879; x_wconf 84' lang='lat' dir='ltr'><strong>critos:</strong></span> <span class='ocrx_word' id='word_1_175' title='bbox 214 1836 274 1877; x_wconf 89' lang='lat' dir='ltr'><strong>suut</strong></span> <span class='ocrx_word' id='word_1_176' title='bbox 287 1831 366 1876; x_wconf 89' lang='lat' dir='ltr'><strong>etiam</strong></span> <span class='ocrx_word' id='word_1_177' title='bbox 379 1832 423 1888; x_wconf 91' lang='lat' dir='ltr'><strong>qui</strong></span> <span class='ocrx_word' id='word_1_178' title='bbox 438 1834 577 1879; x_wconf 80' lang='lat' dir='ltr'><strong>leocratem</strong></span> <span class='ocrx_word' id='word_1_179' title='bbox 592 1833 676 1892; x_wconf 91' lang='lat' dir='ltr'><strong>ipsum</strong></span> <span class='ocrx_word' id='word_1_180' title='bbox 694 1846 750 1878; x_wconf 89' lang='lat' dir='ltr'><strong>cum</strong></span> <span class='ocrx_word' id='word_1_181' title='bbox 768 1833 802 1878; x_wconf 91' lang='lat' dir='ltr'><strong>iis</strong></span> <span class='ocrx_word' id='word_1_182' title='bbox 821 1837 905 1878; x_wconf 88' lang='lat' dir='ltr'><strong>certa-</strong></span> 
     </span>
     <span class='ocr_line' id='line_1_26' title="bbox 102 1898 904 1946; baseline 0.001 -2"><span class='ocrx_word' id='word_1_183' title='bbox 102 1900 173 1946; x_wconf 79' lang='lat' dir='ltr'><strong>visse</strong></span> <span class='ocrx_word' id='word_1_184' title='bbox 179 1898 319 1945; x_wconf 86' lang='lat' dir='ltr'><strong>memoriae</strong></span> <span class='ocrx_word' id='word_1_185' title='bbox 330 1899 518 1945; x_wconf 82' lang='lat' dir='ltr'><strong>mandaverint.</strong></span> <span class='ocrx_word' id='word_1_186' title='bbox 555 1900 608 1946; x_wconf 90' lang='lat' dir='ltr'><strong>Sed</strong></span> <span class='ocrx_word' id='word_1_187' title='bbox 618 1914 649 1946; x_wconf 88' lang='lat' dir='ltr'><strong>eo</strong></span> <span class='ocrx_word' id='word_1_188' title='bbox 660 1900 799 1946; x_wconf 84' lang='lat' dir='ltr'><strong>certamine</strong></span> <span class='ocrx_word' id='word_1_189' title='bbox 811 1900 904 1946; x_wconf 81' lang='lat' dir='ltr'><strong>vicisse</strong></span> 
     </span>
     <span class='ocr_line' id='line_1_27' title="bbox 101 1965 905 2026; baseline -0.001 -14"><span class='ocrx_word' id='word_1_190' title='bbox 101 1967 294 2025; x_wconf 83' lang='lat' dir='ltr'><strong>Theopompum</strong></span> <span class='ocrx_word' id='word_1_191' title='bbox 308 1965 447 2012; x_wconf 86' lang='lat' dir='ltr'><strong>iudicatum</strong></span> <span class='ocrx_word' id='word_1_192' title='bbox 461 1971 508 2012; x_wconf 83' lang='lat' dir='ltr'><strong>ost.</strong></span> <span class='ocrx_word' id='word_1_193' title='bbox 544 1970 569 2013; x_wconf 92' lang='lat' dir='ltr'><strong>ls</strong></span> <span class='ocrx_word' id='word_1_194' title='bbox 584 1967 634 2013; x_wconf 85' lang='lat' dir='ltr'><strong>luit</strong></span> <span class='ocrx_word' id='word_1_195' title='bbox 649 1968 772 2012; x_wconf 87' lang='lat' dir='ltr'><strong>isocratis</strong></span> <span class='ocrx_word' id='word_1_196' title='bbox 792 1966 905 2026; x_wconf 90' lang='lat' dir='ltr'><strong>discipu-</strong></span> 
     </span>
     <span class='ocr_line' id='line_1_28' title="bbox 100 2033 905 2095; baseline -0.001 -15"><span class='ocrx_word' id='word_1_197' title='bbox 100 2035 154 2081; x_wconf 89' lang='lat' dir='ltr'><strong>lus.</strong></span> <span class='ocrx_word' id='word_1_198' title='bbox 189 2037 214 2080; x_wconf 80' lang='lat' dir='ltr'><strong>l.</strong></span> <span class='ocrx_word' id='word_1_199' title='bbox 230 2034 324 2080; x_wconf 80' lang='lat' dir='ltr'><strong>Exstat</strong></span> <span class='ocrx_word' id='word_1_200' title='bbox 334 2046 402 2079; x_wconf 86' lang='lat' dir='ltr'><strong>uuuc</strong></span> <span class='ocrx_word' id='word_1_201' title='bbox 412 2048 511 2091; x_wconf 89' lang='lat' dir='ltr'><strong>quoque</strong></span> <span class='ocrx_word' id='word_1_202' title='bbox 522 2033 675 2081; x_wconf 87' lang='lat' dir='ltr'><strong>Theodectis</strong></span> <span class='ocrx_word' id='word_1_203' title='bbox 685 2034 828 2095; x_wconf 77' lang='lat' dir='ltr'><strong>tragoedia,</strong></span> <span class='ocrx_word' id='word_1_204' title='bbox 840 2041 905 2090; x_wconf 79' lang='lat' dir='ltr'><strong>quae</strong></span> 
     </span>
     <span class='ocr_line' id='line_1_29' title="bbox 101 2100 905 2160; baseline -0.002 -12"><span class='ocrx_word' id='word_1_205' title='bbox 101 2100 255 2148; x_wconf 72' lang='lat' dir='ltr'><strong>inscribitur</strong></span> <span class='ocrx_word' id='word_1_206' title='bbox 268 2102 415 2147; x_wconf 73' lang='lat' dir='ltr'><strong>Mausolus:</strong></span> <span class='ocrx_word' id='word_1_207' title='bbox 433 2101 462 2146; x_wconf 90' lang='lat' dir='ltr'><strong>in</strong></span> <span class='ocrx_word' id='word_1_208' title='bbox 475 2115 525 2158; x_wconf 82' lang='lat' dir='ltr'><strong>qua</strong></span> <span class='ocrx_word' id='word_1_209' title='bbox 537 2115 596 2148; x_wconf 85' lang='lat' dir='ltr'><strong>eum</strong></span> <span class='ocrx_word' id='word_1_210' title='bbox 608 2101 691 2160; x_wconf 82' lang='lat' dir='ltr'><strong>magis</strong></span> <span class='ocrx_word' id='word_1_211' title='bbox 705 2109 780 2159; x_wconf 87' lang='lat' dir='ltr'><strong>quam</strong></span> <span class='ocrx_word' id='word_1_212' title='bbox 791 2101 818 2146; x_wconf 88' lang='lat' dir='ltr'><strong>iu</strong></span> <span class='ocrx_word' id='word_1_213' title='bbox 827 2113 905 2160; x_wconf 89' lang='lat' dir='ltr'><strong>prosa</strong></span> 
     </span>
     <span class='ocr_line' id='line_1_30' title="bbox 101 2167 648 2231; baseline 0 -16"><span class='ocrx_word' id='word_1_214' title='bbox 101 2168 242 2231; x_wconf 82' lang='lat' dir='ltr'><strong>placuisse,</strong></span> <span class='ocrx_word' id='word_1_215' title='bbox 252 2167 363 2228; x_wconf 70' lang='lat' dir='ltr'><strong>lligiuus</strong></span> <span class='ocrx_word' id='word_1_216' title='bbox 375 2168 402 2214; x_wconf 91' lang='lat' dir='ltr'><strong>iu</strong></span> <span class='ocrx_word' id='word_1_217' title='bbox 412 2169 548 2228; x_wconf 83' lang='lat' dir='ltr'><strong>Exemplis</strong></span> <span class='ocrx_word' id='word_1_218' title='bbox 557 2170 648 2215; x_wconf 86' lang='lat' dir='ltr'><strong>retert.</strong></span> 
     </span>
    </p>
   </div>
   <div class='ocr_carea' id='block_1_4' title="bbox 353 2240 757 2320">
    <p class='ocr_par' dir='ltr' id='par_1_6' title="bbox 353 2240 757 2320">
     <span class='ocr_line' id='line_1_31' title="bbox 353 2240 757 2320; baseline -0.005 -1"><span class='ocrx_word' id='word_1_219' title='bbox 353 2265 661 2320; x_wconf 74' lang='lat' dir='ltr'><strong>curuuxrx.</strong></span> <span class='ocrx_word' id='word_1_220' title='bbox 755 2240 757 2244; x_wconf 71' lang='grc'>’</span> 
     </span>
    </p>
   </div>
   <div class='ocr_carea' id='block_1_5' title="bbox 130 2333 906 2504">
    <p class='ocr_par' dir='ltr' id='par_1_7' title="bbox 130 2333 906 2504">
     <span class='ocr_line' id='line_1_32' title="bbox 130 2333 903 2394; baseline -0.005 -16"><span class='ocrx_word' id='word_1_221' title='bbox 130 2333 183 2379; x_wconf 77' lang='lat' dir='ltr'><strong>‚Voss</strong></span> <span class='ocrx_word' id='word_1_222' title='bbox 189 2333 291 2390; x_wconf 65' lang='lat' dir='ltr'><strong>purgari</strong></span> <span class='ocrx_word' id='word_1_223' title='bbox 297 2350 365 2394; x_wconf 78' lang='lat' dir='ltr'><strong>raeque</strong></span> <span class='ocrx_word' id='word_1_224' title='bbox 375 2337 581 2393; x_wconf 80' lang='lat' dir='ltr'><strong>leocripeccutuns‚</strong></span> <span class='ocrx_word' id='word_1_225' title='bbox 597 2350 647 2378; x_wconf 77' lang='lat' dir='ltr'><strong>urm</strong></span> <span class='ocrx_word' id='word_1_226' title='bbox 653 2334 814 2392; x_wconf 79' lang='lat' dir='ltr'><strong>praetenditur</strong></span> <span class='ocrx_word' id='word_1_227' title='bbox 819 2348 903 2391; x_wconf 76' lang='lat' dir='ltr'><strong>peccu-</strong></span> 
     </span>
     <span class='ocr_line' id='line_1_33' title="bbox 160 2392 906 2453; baseline 0 -20"><span class='ocrx_word' id='word_1_228' title='bbox 160 2396 247 2443; x_wconf 86' lang='lat' dir='ltr'><strong>torum,</strong></span> <span class='ocrx_word' id='word_1_229' title='bbox 266 2405 323 2448; x_wconf 80' lang='lat' dir='ltr'><strong>quus</strong></span> <span class='ocrx_word' id='word_1_230' title='bbox 336 2392 381 2435; x_wconf 77' lang='lat' dir='ltr'><strong>alti</strong></span> <span class='ocrx_word' id='word_1_231' title='bbox 392 2405 476 2453; x_wconf 73' lang='lat' dir='ltr'><strong>proque</strong></span> <span class='ocrx_word' id='word_1_232' title='bbox 490 2398 655 2448; x_wconf 79' lang='lat' dir='ltr'><strong>peccaverunt,</strong></span> <span class='ocrx_word' id='word_1_233' title='bbox 674 2392 816 2435; x_wconf 73' lang='lat' dir='ltr'><strong>similitudo:</strong></span> <span class='ocrx_word' id='word_1_234' title='bbox 837 2398 906 2448; x_wconf 79' lang='lat' dir='ltr'><strong>atque</strong></span> 
     </span>
     <span class='ocr_line' id='line_1_34' title="bbox 157 2446 766 2504; baseline 0.002 -15"><span class='ocrx_word' id='word_1_235' title='bbox 157 2446 216 2491; x_wconf 80' lang='lat' dir='ltr'><strong>s&#39;as&#39;bi</strong></span> <span class='ocrx_word' id='word_1_236' title='bbox 225 2449 295 2491; x_wconf 66' lang='lat' dir='ltr'><strong>susa</strong></span> <span class='ocrx_word' id='word_1_237' title='bbox 303 2463 332 2491; x_wconf 77' lang='lat' dir='ltr'><strong>ex</strong></span> <span class='ocrx_word' id='word_1_238' title='bbox 341 2448 448 2492; x_wconf 77' lang='lat' dir='ltr'><strong>oratioue</strong></span> <span class='ocrx_word' id='word_1_239' title='bbox 456 2462 524 2504; x_wconf 79' lang='lat' dir='ltr'><strong>super</strong></span> <span class='ocrx_word' id='word_1_240' title='bbox 533 2462 594 2491; x_wconf 79' lang='lat' dir='ltr'><strong>ers-re</strong></span> <span class='ocrx_word' id='word_1_241' title='bbox 602 2446 766 2491; x_wconf 82' lang='lat' dir='ltr'><strong>Dernostlrens’s.</strong></span> 
     </span>
    </p>
   </div>
   <div class='ocr_carea' id='block_1_6' title="bbox 102 2504 906 2774">
    <p class='ocr_par' dir='ltr' id='par_1_8' title="bbox 102 2504 906 2774">
     <span class='ocr_line' id='line_1_35' title="bbox 139 2504 906 2567; baseline -0.001 -14"><span class='ocrx_word' id='word_1_242' title='bbox 139 2510 162 2553; x_wconf 88' lang='lat' dir='ltr'><strong>i.</strong></span> <span class='ocrx_word' id='word_1_243' title='bbox 179 2510 327 2554; x_wconf 87' lang='lat' dir='ltr'><strong>lucessebst</strong></span> <span class='ocrx_word' id='word_1_244' title='bbox 346 2509 490 2567; x_wconf 77' lang='lat' dir='ltr'><strong>quempiam</strong></span> <span class='ocrx_word' id='word_1_245' title='bbox 504 2510 606 2555; x_wconf 87' lang='lat' dir='ltr'><strong>Taurus</strong></span> <span class='ocrx_word' id='word_1_246' title='bbox 625 2508 795 2567; x_wconf 89' lang='lat' dir='ltr'><strong>philosophus</strong></span> <span class='ocrx_word' id='word_1_247' title='bbox 814 2504 906 2553; x_wconf 70' lang='lat' dir='ltr'><strong>severa</strong></span> 
     </span>
     <span class='ocr_line' id='line_1_36' title="bbox 102 2574 905 2634; baseline -0.002 -14"><span class='ocrx_word' id='word_1_248' title='bbox 102 2581 180 2632; x_wconf 83' lang='lat' dir='ltr'><strong>atque</strong></span> <span class='ocrx_word' id='word_1_249' title='bbox 195 2576 340 2622; x_wconf 78' lang='lat' dir='ltr'><strong>vehementi</strong></span> <span class='ocrx_word' id='word_1_250' title='bbox 356 2575 538 2634; x_wconf 76' lang='lat' dir='ltr'><strong>obiurgatione</strong></span> <span class='ocrx_word' id='word_1_251' title='bbox 552 2576 750 2634; x_wconf 84' lang='lat' dir='ltr'><strong>adolescentem,</strong></span> <span class='ocrx_word' id='word_1_252' title='bbox 768 2589 784 2622; x_wconf 81' lang='lat' dir='ltr'><strong>a</strong></span> <span class='ocrx_word' id='word_1_253' title='bbox 793 2574 905 2622; x_wconf 83' lang='lat' dir='ltr'><strong>rhetori-</strong></span> 
     </span>
     <span class='ocr_line' id='line_1_37' title="bbox 102 2641 906 2702; baseline -0.007 -13"><span class='ocrx_word' id='word_1_254' title='bbox 102 2645 150 2689; x_wconf 85' lang='lat' dir='ltr'><strong>bus</strong></span> <span class='ocrx_word' id='word_1_255' title='bbox 166 2646 193 2688; x_wconf 89' lang='lat' dir='ltr'><strong>et</strong></span> <span class='ocrx_word' id='word_1_256' title='bbox 206 2657 223 2689; x_wconf 84' lang='lat' dir='ltr'><strong>a</strong></span> <span class='ocrx_word' id='word_1_257' title='bbox 238 2643 378 2689; x_wconf 79' lang='lat' dir='ltr'><strong>facundiae</strong></span> <span class='ocrx_word' id='word_1_258' title='bbox 396 2643 484 2690; x_wconf 87' lang='lat' dir='ltr'><strong>studio</strong></span> <span class='ocrx_word' id='word_1_259' title='bbox 503 2643 535 2688; x_wconf 80' lang='lat' dir='ltr'><strong>sd</strong></span> <span class='ocrx_word' id='word_1_260' title='bbox 554 2642 706 2701; x_wconf 86' lang='lat' dir='ltr'><strong>disciplinas</strong></span> <span class='ocrx_word' id='word_1_261' title='bbox 724 2641 906 2702; x_wconf 80' lang='lat' dir='ltr'><strong>philosophiae</strong></span> 
     </span>
     <span class='ocr_line' id='line_1_38' title="bbox 102 2709 904 2774; baseline -0.009 -16"><span class='ocrx_word' id='word_1_262' title='bbox 102 2715 305 2773; x_wconf 67' lang='lat' dir='ltr'><strong>unusgressusn,</strong></span> <span class='ocrx_word' id='word_1_263' title='bbox 323 2710 392 2774; x_wconf 88' lang='lat' dir='ltr'><strong>quod</strong></span> <span class='ocrx_word' id='word_1_264' title='bbox 407 2714 503 2759; x_wconf 77' lang='lat' dir='ltr'><strong>factum</strong></span> <span class='ocrx_word' id='word_1_265' title='bbox 518 2709 639 2768; x_wconf 86' lang='lat' dir='ltr'><strong>quiddam</strong></span> <span class='ocrx_word' id='word_1_266' title='bbox 652 2725 709 2758; x_wconf 87' lang='lat' dir='ltr'><strong>esse</strong></span> <span class='ocrx_word' id='word_1_267' title='bbox 719 2713 754 2757; x_wconf 58' lang='lat' dir='ltr'><strong>&lt;ab</strong></span> <span class='ocrx_word' id='word_1_268' title='bbox 765 2721 797 2756; x_wconf 85' lang='lat' dir='ltr'><strong>eo</strong></span> <span class='ocrx_word' id='word_1_269' title='bbox 809 2709 904 2754; x_wconf 81' lang='lat' dir='ltr'><strong>diceret</strong></span> 
     </span>
    </p>
   </div>
   <div class='ocr_carea' id='block_1_7' title="bbox 0 0 1038 3034">
    <p class='ocr_par' dir='ltr' id='par_1_9' title="bbox 0 0 1038 3034">
     <span class='ocr_line' id='line_1_39' title="bbox 0 0 1038 3034; baseline 0 0"><span class='ocrx_word' id='word_1_270' title='bbox 0 0 1038 3034; x_wconf 95' lang='lat' dir='ltr'><strong> </strong></span> 
     </span>
    </p>
   </div>
  </div>
 </body>
</html>
