2067 3034
169 101 221 156 45⁰
419 97 531 149 AUlal
565 99 731 149 altum

167 222 249 280 lione,
264 232 296 267 eo
307 231 408 278 quoqne
417 220 487 265 metu
498 218 658 265 coercendos
669 232 729 265 esse
739 219 874 268 homines
883 222 974 283 putan-
990 268 993 281 ,

166 291 240 337 runt:
258 300 342 344 neque
353 287 419 345 eins,
433 285 478 345 qui
487 286 716 332 membrumalteri
727 288 870 349 rupisset,
886 293 913 336 et
922 289 974 347 pud

167 357 205 404 sai
221 360 307 403 tamen
320 354 351 399 de
366 352 465 399 talione
475 352 625 399 redimenda
633 353 735 410 nollet,
755 357 867 401 tantam
879 354 988 402 asela·

166 424 276 471 bendani
285 422 415 468 rationem
423 419 545 466 arbitrati
555 424 629 479 sunt,
648 423 689 478 nt,
710 434 745 466 an
755 423 883 480 prudens
894 424 972 481 impu

167 492 264 538 deusve
273 489 401 547 rupisset,
420 488 587 545 spectandum
598 489 736 546 putarent;
756 489 970 537 auttalionenis
997 525 998 532 ,

167 572 201 605 eo
213 557 255 604 vel
264 555 296 602 ad
306 556 429 600 amussim
438 553 651 613 aequipararent,
671 554 755 602 velin
766 555 862 602 librili
879 569 970 616 perpe*
997 545 999 568 ¹

168 625 271 672 derant:
289 622 335 669 scd
348 621 435 679 potius
447 622 559 667 eundem
574 621 699 681 animum,
721 624 898 682 eundemque
908 625 970 680 impe

168 698 224 739 tum
242 689 270 735 in
288 689 378 735 eadem
394 691 469 746 parte
487 688 607 746 corporis
621 688 775 748 rumpendi,
797 704 856 738 non
878 692 970 737 eunden

168 769 269 817 quoque
280 769 367 803 casum
377 755 448 814 exigi
459 755 609 814 voluerunt,
620 756 744 814 quoniam
753 757 852 804 modus
864 759 971 805 volunta

167 824 205 872 tis
217 822 346 884 praestari
359 825 458 881 posset,
478 835 553 868 casus
563 820 630 867 ictus
639 836 694 868 non
704 828 808 882 posset.
847 828 894 872 35.
913 824 972 879 Qusl

169 892 240 939 alita
250 894 303 946 est.
322 893 352 936 ut
362 889 434 950 dico,
454 891 480 935 et
495 892 523 935 ut
532 888 587 948 ipse
598 891 737 946 aequitatis
747 890 862 938 babitus
879 894 972 939 demos-

169 962 248 1020 strat3
258 959 373 1005 taliones
382 957 448 1003 illae
457 960 519 1003 tuae
527 958 676 1015 reciprocae
687 958 840 1016 argutiores
854 962 972 1017 protecto,

170 1040 247 1087 quam
255 1026 374 1073 veriores
385 1026 498 1071 luerunt.
531 1026 571 1070 3⁶.
589 1024 640 1071 Sed
650 1025 772 1083 quoniam
784 1027 915 1073 acerbum
924 1039 973 1085 qno·

171 1108 222 1155 que
232 1106 289 1141 csse
299 1093 349 1138 hoc
359 1104 441 1151 genus
451 1104 552 1149 poenae
561 1093 651 1150 putas:
670 1105 744 1149 quae,
761 1093 879 1140 obsecm
890 1097 926 1155 te,
935 1095 974 1140 iso

172 1161 299 1210 acerbitas
309 1160 356 1219 est,
366 1158 390 1203 si
401 1157 468 1203 idem
479 1160 522 1204 tiat
531 1159 558 1203 in
569 1162 602 1216 te,
616 1160 686 1216 quod
695 1162 753 1205 tute
764 1158 794 1205 in
805 1160 864 1207 alio
877 1161 974 1208 feceris!

172 1227 327 1289 praesertim
346 1239 404 1271 cum
418 1225 512 1271 babeas
533 1226 686 1273 facultatem
703 1227 874 1288 paciscendi3
896 1233 922 1276 et
935 1240 974 1274 noa

170 1308 278 1344 necesse
290 1294 325 1341 sit
334 1292 389 1351 pati
398 1292 533 1351 talionem,
544 1293 597 1340 nisi
607 1308 664 1340 cam
673 1297 701 1340 tu
711 1293 838 1352 elegeris.
859 1293 974 1351 amuel

172 1363 283 1411 edictum
297 1364 382 1408 autem
398 1360 556 1419 praetorium
571 1361 602 1406 de
613 1361 779 1408 aestimandis
794 1361 910 1410 iniuriis
924 1376 974 1422 pro

171 1430 285 1478 habilius
300 1442 358 1489 esse¹
371 1427 413 1473 bis
423 1430 525 1486 potest?
560 1429 630 1476 Nolo
640 1429 689 1476 hoc
699 1428 821 1487 ignores,
841 1429 974 1489 hancquo·

171 1511 223 1556 que
235 1497 319 1557 ipsam
333 1495 458 1542 talionem
473 1496 505 1542 ad
515 1496 722 1542 aestimationem
732 1495 830 1542 iudicis
838 1498 929 1557 redigi
937 1512 973 1543 aa·

171 1567 286 1612 cessario
298 1563 411 1610 solitam.
447 1564 487 1610 38.
502 1565 568 1610 Nam
579 1563 602 1608 si
610 1576 680 1626 reus,
691 1563 736 1622 qui
745 1562 882 1621 depacisci
892 1567 974 1612 nolue-

170 1633 221 1692 rat,
233 1630 312 1677 indici
322 1629 448 1677 talionem
458 1631 595 1689 imperanti
605 1643 658 1676 non
668 1632 783 1689 parebat,
794 1631 938 1682 aestimati
945 1632 974 1678 fi.

170 1702 198 1746 te
208 1698 290 1746 iudex
299 1698 427 1744 bominem
437 1697 567 1754 pecuniae
576 1698 725 1755 damnabat3
746 1699 827 1754 atque
836 1698 889 1761 ita,
905 1701 927 1748 si
936 1712 976 1746 reu

172 1768 199 1813 at
209 1764 295 1826 pactio
306 1764 403 1825 gravis,
415 1767 441 1810 et
449 1765 542 1811 acerba
553 1765 617 1811 talio
628 1765 789 1822 visafuerat,
800 1768 935 1814 severitas
943 1768 975 1813 le·

171 1834 213 1893 gis
223 1835 254 1881 ad
265 1831 389 1892 pecuniae
398 1833 520 1879 mulctam
528 1832 638 1878 redibat.
658 1834 699 1878 39.
710 1833 811 1890 Restat,
825 1837 857 1879 ut
868 1835 906 1892 ei,
916 1834 975 1894 quod

172 1903 204 1949 de
220 1901 335 1948 sectione
351 1900 543 1958 partitioneque
558 1899 677 1958 corporis
691 1900 914 1949 inmanissimum
927 1915 975 1949 esse

171 1968 221 2016 tibi
230 1969 313 2015 visum
324 1971 372 2026 est,
386 1967 566 2025 respondeam.
603 1966 725 2013 Omnibus
737 1966 844 2025 quidem
853 1969 977 2016 virtutum

170 2035 310 2095 generibus
329 2033 484 2081 exercendis
502 2033 668 2092 colendIsque
686 2034 799 2093 papulus
811 2034 976 2083 Romanuse

171 2117 253 2163 parva
262 2101 364 2162 origine
374 2100 407 2146 ad
417 2106 505 2149 tantae
516 2100 694 2158 amplitudinis
704 2102 787 2147 instar
797 2102 921 2164 emicuit3
937 2102 976 2151 sel

172 2171 286 2217 omniurn
294 2168 408 2216 maxime
418 2172 493 2227 atquc
503 2168 642 2227 praecipue
652 2170 727 2215 fldem
737 2168 834 2229 coluit,
850 2175 977 2218 sauman-

171 2251 220 2294 que
229 2238 318 2284 habuit
327 2239 378 2282 tam
388 2237 518 2297 privatim,
530 2249 604 2293 quam
613 2236 726 2294 publice.
761 2237 804 2282 40.
824 2237 871 2284 Sic
886 2253 977 2286 consu·

171 2304 212 2350 les
230 2303 389 2351 clarissimos
401 2304 473 2350 viros
486 2303 604 2349 hostibus
619 2302 807 2350 confirmandae
819 2304 884 2351 fidei
895 2306 978 2366 publi·

170 2382 215 2415 cae
231 2382 310 2415 causa
320 2369 400 2417 dedit.
434 2371 479 2417 Sic
494 2370 615 2416 clientem
625 2370 652 2416 in
661 2370 736 2416 fidem
747 2373 883 2429 acceptum
897 2374 978 2420 cario-

169 2446 226 2479 rem
234 2434 337 2494 haberi,
357 2449 431 2492 qnam
442 2438 617 2495 propinquos,
636 2438 807 2493 tuendumque
816 2450 877 2483 esse
890 2444 979 2486 contra

171 2501 296 2555 cognatos
307 2502 416 2546 censuit.
447 2504 537 2560 Neque
550 2503 624 2561 peins
634 2503 717 2550 ullum
729 2504 828 2548 facinus
840 2505 979 2552 existima·

169 2567 224 2609 tum
234 2564 282 2621 est,
293 2577 368 2621 quam
379 2566 401 2610 si
413 2568 453 2613 cui
464 2571 626 2626 probaretur,
632 2569 753 2615 clientem
762 2569 862 2615 divisui
872 2570 981 2618 babuis-

170 2642 209 2676 se.
242 2630 285 2673 41.
303 2629 375 2673 Hanc
386 2635 473 2679 autem
487 2634 562 2680 fldem
571 2634 684 2681 maiores
698 2634 783 2681 nostri
796 2647 853 2682 non
862 2638 946 2685 modo
955 2638 982 2684 iu
