2067 3034
132 124 200 177 ‘dllss
368 125 510 171 «AULI
546 124 706 170 GELLII

151 244 278 303 soipliuae
289 244 410 302 sectator,
417 243 484 289 alter
494 242 607 290 Stoicae.
617 241 690 289 2.llis
698 242 830 300 quondam
838 257 896 303 ego
906 246 978 291 acri.

150 318 192 359 ter
202 315 279 369 atque
291 312 412 357 contente
422 322 469 369 pro
478 310 533 355 suis
541 311 662 366 utrinque
671 310 783 357 decretis
791 324 976 370 propugnan-

149 380 230 434 tibus,
240 392 297 425 cum
306 391 421 424 essemus
431 390 483 422 uua
493 390 584 423 omues
593 377 683 423 Ostiae
695 391 752 423 cum
761 378 920 434 Favorino,
935 380 977 425 in-

151 446 242 494 terlui.
278 448 303 492 3.
321 446 521 491 Ambulabamus
534 446 621 491 autem
634 443 764 505 inlitum,
784 460 846 491 cum
856 446 919 491 iam
929 447 976 491 ad-

152 515 362 572 vesperasceret,
378 513 478 558 aestate
489 512 552 557 anni
562 512 634 558 novi.
669 516 694 556 4.
712 514 797 569 Atque
809 513 849 557 ibi
860 514 976 559 Stoicus

152 581 290 635 censebat,
309 581 336 624 et
349 578 429 624 vitam
438 580 541 625 beatam
550 579 683 624 bominum
692 579 790 625 virtute
801 580 893 625 animi
905 581 974 634 sola,

149 652 180 695 *et
194 647 327 694 miseriam
341 658 463 692 summam
477 646 579 693 malitia
593 646 652 693 sola
666 659 743 705 posse
759 647 841 706 effici,
863 647 973 692 etiamsi

154 718 242 762 cetera
252 715 320 759 bona
331 713 429 771 omnia,
444 726 510 771 quae
521 712 671 771 corporalia
685 714 712 759 et
722 717 837 760 externa
846 715 972 772 appella·

153 784 253 841 rentur,
263 780 356 826 virtuti
368 781 495 839 deessent,
504 780 622 827 malitiae
631 775 760 826 adessent.
796 785 822 835 5.,
841 782 899 826 llle
910 795 971 826 cou-

154 854 196 896 tra
206 848 411 909 Peripateticus,
426 848 548 896 miseram
559 848 662 907 quidem
672 848 752 894 vitam
761 848 837 894 vitiis
848 848 937 893 animi
946 849 970 893 et

153 915 256 963 malitia
267 916 325 961 sola
335 914 400 974 fieri,
418 915 583 969 concedebat,
595 915 641 962 sed
651 917 683 961 ad
694 916 866 973 complendos
878 927 969 961 omnes

153 983 225 1030 uitae
239 984 331 1029 beatae
346 995 467 1029 numeros
480 983 604 1029 virtutem
620 983 702 1028 solam
719 996 887 1039 nequaquam
906 982 969 1027 satia

155 1063 214 1097 esse
228 1050 405 1096 existimabat:
426 1050 548 1106 quoniam
563 1052 589 1096 et
604 1049 721 1107 corporis
736 1050 879 1108 integritas
897 1047 968 1095 saui-

155 1121 247 1175 tasque
258 1118 284 1162 et
293 1118 418 1163 honestus
427 1118 518 1163 medua
530 1118 641 1175 formae,
657 1119 683 1162 et
693 1118 804 1175 pecunia
815 1116 967 1176 familiaris,

156 1188 183 1231 et
191 1185 262 1230 bona
276 1183 449 1242 existImatio,
466 1185 603 1240 ceteraque
613 1184 699 1229 omnia
710 1183 830 1241 corporis
841 1187 871 1229 et
882 1186 968 1229 tortu·

155 1265 205 1298 nae
218 1254 286 1297 bona
300 1251 449 1295 necessaria
464 1250 615 1297 viderentur
628 1251 802 1309 perficiendae
817 1252 914 1296 beatae
928 1249 966 1295 vi-

156 1323 208 1365 tae.
243 1320 268 1361 6.
286 1318 452 1363 Reclamabat
465 1318 516 1363 hoo
531 1318 559 1363 iu
573 1319 634 1365 loco
645 1318 762 1371 Stoicus,
783 1319 822 1371 et,
842 1322 965 1375 tanquam

156 1384 220 1430 duas
237 1384 284 1429 ille
298 1396 340 1429 res
352 1384 466 1430 diversas
477 1388 599 1445 poneret,
618 1385 771 1431 mirabatur:
802 1386 889 1441 quod,
909 1398 963 1430 cum

157 1453 246 1497 essent
259 1450 361 1496 malitia
376 1454 402 1497 et
413 1453 497 1498 virtus·
513 1454 565 1499 duo
583 1451 727 1508 contraria,
747 1451 803 1497 vita
821 1453 920 1497 misera
939 1453 963 1496 et

150 1521 231 1564 *beata
245 1531 346 1574 quoque
362 1531 442 1575 aeque
452 1520 597 1577 contraria,
616 1519 670 1565 nou
681 1518 834 1564 servaretis]
847 1519 962 1574 utrisque

151 1585 208 1630 uim
222 1587 248 1629 ct
260 1587 379 1629 naturam
392 1586 529 1644 contrarii;
549 1589 572 1632 l.
590 1589 616 1632 et
626 1587 658 1632 ad
668 1585 798 1631 miseriam
808 1587 914 1642 quidem
923 1584 962 1630 ri·

152 1654 197 1697 tae
209 1650 392 1697 conficiendam
404 1654 468 1698 satis
478 1654 566 1700 valere
576 1653 702 1699 malitiam
713 1654 796 1697 solam
807 1653 920 1711 putaret,
931 1650 962 1695 ad
1008 1663 1009 1666 ’

153 1718 337 1777 praestandam
354 1732 417 1765 vero
439 1721 518 1765 vitam
536 1723 637 1766 beatam
650 1733 702 1765 nou
719 1715 783 1765 satis
800 1720 887 1766 solam
906 1731 961 1765 esse

155 1787 279 1832 virtutem
289 1785 395 1832 diceret.
432 1790 456 1835 8.
471 1789 554 1844 Atque
566 1788 593 1833 id
602 1787 714 1833 maxime
726 1786 861 1843 dissidere,
876 1798 960 1842 neque

157 1854 298 1900 convenire
309 1853 422 1913 dicebat,
443 1855 526 1912 quod,
546 1854 588 1911 qui
598 1855 775 1912 profiteretur,
795 1854 876 1900 vitam
886 1852 960 1898 nullo

155 1923 231 1979 pacto
246 1922 347 1967 beatam
361 1921 426 1966 effici
441 1934 532 1978 poase,
552 1922 575 1967 si
589 1922 672 1966 virtus
686 1921 745 1966 sola
755 1924 871 1978 abesset3
893 1921 960 1965 idem

156 1990 247 2034 contra
256 1990 372 2046 negaret,
392 1989 492 2034 beatam
502 1988 558 2033 fieri
570 1988 663 2042 vitam,
684 2001 741 2033 oum
752 1989 811 2033 sola
822 1989 905 2034 virtus
916 1987 960 2032 ad·

155 2057 235 2102 essct:
247 2058 272 2100 et
282 2069 355 2112 quem
366 2053 438 2099 daret
447 2053 601 2112 haberetque
612 2054 712 2101 absenti
723 2054 815 2100 virtuti
825 2055 958 2112 bonorem,

154 2122 266 2169 eundem
279 2122 378 2179 petenti
394 2122 470 2177 atque
481 2122 614 2178 praesenti
624 2121 758 2167 adimeret.
794 2126 817 2167 9.
836 2123 901 2166 Tum
910 2122 959 2166 Pe·

155 2188 306 2246 ripatcticus
330 2201 452 2246 perquam
473 2187 561 2234 hercle
581 2188 692 2234 festive:
716 2188 789 2246 Rogo
809 2191 844 2248 te,
865 2187 958 2245 inquit,

157 2269 213 2301 cum
220 2256 289 2301 bona
298 2255 376 2300 venia
385 2255 553 2315 respondeas,
570 2267 603 2299 au
613 2255 758 2312 existimes,
775 2269 830 2301 esse
841 2256 896 2301 viui
906 2269 959 2300 am-

155 2322 275 2386 phoram,
297 2335 353 2366 eum
368 2323 441 2367 abest
456 2322 486 2367 ab
501 2335 533 2367 ea
545 2335 612 2367 unus
628 2322 756 2380 congius?
793 2324 833 2368 lo.
850 2321 957 2368 Hoeubi

156 2387 257 2444 accepit
268 2387 384 2433 Stoicus:
403 2388 520 2448 Minime,
536 2388 629 2447 inquit,
644 2390 698 2434 vini
707 2389 828 2447 amphora
840 2389 957 2450 diripui,

156 2457 203 2507 cst,
214 2466 248 2498 ex
258 2465 308 2507 qua
319 2455 391 2499 abest
401 2455 518 2512 congius.
556 2458 595 2501 ll.
614 2458 670 2502 lloc
684 2456 728 2502 ubi
742 2456 843 2514 accepit
852 2456 956 2513 Peripa-

156 2518 261 2563 teticus:
280 2519 353 2563 Unus
367 2519 459 2577 igitur,
476 2522 574 2580 inquit,
593 2524 701 2580 congius
717 2523 862 2580 amphoram
874 2524 955 2570 tacere

158 2584 208 2629 dici
219 2583 333 2628 debebit:
353 2587 487 2649 quoniam,
504 2603 561 2635 cum
572 2590 644 2636 deest
655 2590 791 2644 illandus,
805 2604 858 2637 non
868 2592 895 2637 tit
904 2590 955 2635 riui

157 2649 276 2707 amphora
282 2665 290 2710 5
310 2651 337 2722 ct
351 2664 407 2701 cum
422 2647 547 2718 accessit,
566 2657 594 2703 tit
604 2658 733 2717 amphora.
771 2657 871 2712 Quodsi
881 2656 909 2703 id
918 2656 955 2703 di-
