2067 3034
325 152 398 199 ΗΒ.
415 150 484 199 Xll.
519 151 600 200 CAP.
621 154 645 200 1.
834 151 888 204 261

84 269 168 328 alunt,
182 283 258 328 quam
267 269 361 330 ipsius,
377 269 445 328 quod
455 269 563 327 iacitur,
577 267 697 317 seminis:
716 283 746 317 ac
757 283 835 330 saepe
845 273 886 317 vi-

86 338 157 396 deas,
173 339 291 384 arborem
301 339 395 384 laetam
406 339 432 384 et
441 337 566 384 nitentem
576 337 701 384 inlocum
710 338 790 385 alium
800 343 887 386 trans·

85 405 196 463 positum
208 404 347 451 deterioris
362 408 448 451 terrae
468 417 546 450 succo
567 405 709 463 deperisse.
746 407 786 451 lt.
806 405 888 462 Quae,

85 472 187 532 malum,
202 472 285 531 igitur
294 472 361 518 ratio
373 474 420 527 est,
434 472 600 518 nobilitatem
609 472 685 518 istam
694 472 750 519 uati
760 473 831 519 modi
840 473 888 519 ho-

85 537 176 602 minis,
196 552 340 598 corpusque
356 541 382 585 et
391 538 504 585 animum
512 541 579 586 bene
587 538 728 598 ingeniatis
738 540 888 599 primordiis

86 605 232 652 inchoatum
249 606 356 653 insitivo
372 606 545 665 degenerique
564 607 689 653 alimento
709 607 787 653 lactis
806 607 888 654 alieni

87 676 268 731 corrumperet
295 673 449 732 praesertim
463 673 486 719 si
500 673 563 733 ista,
583 687 658 731 quam
672 675 704 720 ad
714 675 889 732 praebendum

85 740 178 787 lactem
188 741 355 799 adhibebitis,
372 742 415 786 aut
426 753 502 787 serra
512 743 558 788 aut
566 740 670 787 servilis
681 743 719 798 et,
733 744 763 787 ut
772 742 889 799 plerum·

86 821 134 865 que
144 807 224 867 solet,
245 810 371 854 externae
381 810 408 853 et
417 810 541 854 barbarae
552 807 674 864 nationis,
689 807 713 853 si
723 807 848 868 improba,
865 808 889 854 si

86 874 214 934 informis,
225 873 248 921 si
258 874 396 935 impudica,
411 873 435 921 si
444 875 588 920 temulenta
598 876 649 931 est3
669 888 728 920 nam
738 875 888 933 plerumque

86 942 142 991 sine
153 940 313 998 discrimine,
324 955 489 1000 quaeeunque
499 941 525 986 id
535 940 660 1000 temporis
670 942 770 987 lactans
783 945 833 998 est,
843 942 888 988 ad-

85 1008 170 1057 biberi
180 1010 255 1055 solet.
291 1012 331 1056 18.
349 1010 514 1055 Putiemurne
525 1008 613 1067 igitur,
629 1007 756 1054 infantem
764 1009 888 1054 huncno

85 1078 168 1146 strum
179 1075 327 1135 pernicioso
342 1075 462 1135 contagio
477 1075 561 1138 inlici,
580 1078 606 1121 et
621 1076 741 1134 spiritum
755 1075 889 1122 ducerem

85 1133 199 1190 animum
208 1143 323 1202 atquem
333 1156 426 1202 corpus
437 1156 510 1189 suum
520 1156 555 1189 ex
570 1156 680 1200 corpore
695 1144 722 1188 et
738 1142 824 1189 animo
842 1142 889 1188 de-

83 1212 209 1259 terrimol
246 1212 287 1257 19.
312 1211 341 1256 ld
350 1210 455 1257 hercle
449 1224 534 1268 ipsum
545 1212 599 1270 est,
619 1211 687 1269 qnod
702 1211 903 1269 saepenumero‘

82 1279 220 1341 mirmur,
238 1278 360 1335 quosdam
372 1278 521 1337 pudicarum
537 1277 673 1324 mulierum
683 1277 781 1325 liberos
795 1290 889 1336 paren·

84 1350 141 1395 tum
153 1358 259 1392 suorum
271 1359 354 1402 neque
366 1345 517 1403 corporibus
528 1358 610 1403 neque
624 1345 717 1391 animis
731 1344 830 1391 similes
841 1357 889 1388 ex.

84 1414 188 1463 sistere.
222 1414 264 1459 2⁰.
283 1413 352 1459 Scite
367 1412 448 1470 igitur
462 1415 489 1458 ct
503 1413 588 1469 perite
602 1414 693 1459 noster
707 1414 792 1469 Maro,
810 1411 887 1469 quod,

85 1495 143 1529 cum
152 1492 243 1527 versus
253 1479 316 1526 illos
328 1479 435 1526 Homeri
445 1481 649 1559 consectaretur:

116 1540 238 1592 -Οὖκ
221 1560 272 1610 uqa
282 1545 326 1592 σοί
313 1561 362 1623 γε
372 1542 480 1609 πατὴρη
469 1538 494 1590 ’ν
504 1539 599 1591 ἱππότα
610 1538 721 1608 Πηλεὺς,

121 1608 190 1661 Οὐδὲ
202 1610 275 1665 Θέτις
274 1606 385 1694 μήτηρ·
403 1608 500 1689 γλαυκη
512 1610 566 1659 δέσ
571 1606 668 1659 ’ἔτικτε
679 1610 815 1672 θάλασσα,

117 1678 220 1745 Πέτραι
229 1697 246 1726 τ
247 1674 421 1741 ’ᾗλίβατοι,”
407 1695 447 1725 οτι
455 1695 497 1726 τοι
507 1673 569 1732 νόος
579 1675 680 1727 loris'
656 1675 767 1742 anqvq'c·

83 1755 140 1797 u'on
149 1748 292 1807 partionem
302 1748 384 1795 solam
386 1750 522 1806 ,tanquam
531 1748 578 1794 ille
589 1763 662 1807 quern
672 1751 835 1808 sequebatur,
841 1750 887 1794 sed

83 1817 208 1863 alituram
220 1829 322 1874 quoque
337 1816 419 1862 leram
433 1818 459 1862 et
469 1828 572 1862 saevam
582 1816 732 1863 criminatus
742 1818 794 1863 est.
813 1814 888 1862 addi-

81 1884 123 1932 dit
133 1882 203 1929 euim
210 1883 260 1929 boc
271 1884 302 1929 de
312 1895 373 1930 suo:

115 1951 311 2012 Hyrcanaeque
320 1952 459 1996 admorunt
468 1951 550 1997 ubera
560 1954 640 2012 tigres
646 1969 659 2009 ‚-

82 2017 208 2077 quoniam
221 2017 345 2065 videlicet
358 2016 386 2062 in
395 2017 510 2065 moribus
521 2017 696 2065 inolescendis
705 2030 822 2076 magnam
831 2018 887 2063 fere

80 2087 184 2145 partem
203 2084 336 2144 ingenium
354 2084 454 2132 altricis
469 2088 495 2131 et
509 2090 602 2133 natura
615 2085 691 2132 lactis
707 2088 793 2130 tenet:
812 2096 887 2141 quae,

80 2152 137 2198 lam
151 2165 167 2198 a
176 2152 305 2211 principio
320 2152 419 2198 imbuta
429 2154 530 2209 paterni
546 2152 651 2200 seminis
662 2151 837 2208 concretione,
852 2164 888 2198 ex

79 2219 175 2268 matris
193 2220 270 2265 etiam
285 2232 393 2278 corpore
408 2223 434 2265 et
448 2219 534 2266 animo
545 2222 675 2267 recentem
686 2218 798 2265 indolem
809 2218 888 2264 confi-

79 2289 171 2347 gurat.
205 2290 246 2333 21.
264 2286 299 2333 Et
312 2288 414 2345 praeter
428 2286 491 2331 baec
500 2292 595 2347 autem,
606 2286 663 2344 quis
674 2285 741 2332 illud
752 2285 830 2331 etiam
839 2299 886 2330 ne-

78 2354 185 2413 gligere
195 2355 379 2413 aspernarique
388 2354 483 2412 possit,
497 2355 578 2413 quod,
598 2367 662 2410 quae
672 2357 761 2412 partus
771 2364 832 2399 suos
843 2352 887 2398 de-

79 2423 177 2468 serunt
195 2422 363 2480 ablegantque
378 2434 478 2477 aseae,
498 2424 525 2467 ct
538 2422 599 2467 aliis
614 2420 768 2466 nutriendos
782 2420 886 2475 dedunt,

77 2487 216 2534 vinculum
233 2489 297 2535 illud
314 2489 498 2546 coagulumque
517 2489 596 2536 animi
615 2489 690 2544 atque
705 2486 815 2546 umoris,
836 2498 887 2543 quo

78 2557 207 2615 parentes
217 2570 273 2602 cnm
282 2556 445 2602 filiis-natura
461 2557 606 2613 consociat,
621 2554 823 2613 interscindunt,
842 2555 888 2598 aut

79 2624 158 2669 certe
168 2622 271 2679 quidem
285 2622 389 2669 diluunt
399 2623 578 2681 deteruntque.
613 2625 654 2668 22.
672 2624 737 2668 Nam
745 2621 790 2667 ubi
799 2621 887 2666 inlan-

77 2690 129 2748 tis,
141 2689 268 2737 aliorsum
277 2689 338 2751 dati,
349 2692 418 2737 facta
426 2703 461 2737 ex
471 2691 555 2738 oculis
565 2689 685 2737 amolitio
696 2692 744 2750 est,
754 2689 829 2747 rigor
840 2685 887 2731 ille
