2067 3034
316 152 398 197 orn.
415 153 468 198 111.
503 152 593 199 car.
614 136 656 201 1⁶.
851 148 886 200 oo

76 269 125 329 gni
136 266 268 315 bominem
277 267 386 327 septimo
396 270 523 326 rarenter,
536 283 671 327 vnunquam
686 273 791 327 octavo,
811 283 888 328 saepe

79 349 168 395 nono,
181 336 399 394 ¹snepiusnmnero
413 336 512 382 decimo
527 350 627 394 mense3
647 351 756 394 eumque
769 350 827 382 essa
841 338 889 382 bo·

77 404 177 451 minem
188 403 312 462 gignendi
327 416 450 448 summum
464 405 553 459 linem,
575 404 664 449 deceni
673 418 774 449 menses
785 418 837 449 non
847 404 888 448 in-

76 473 182 528 ceptos,
192 472 238 516 sed
249 472 364 517 exactos.
399 474 424 515 2.
439 471 518 527 ldque
530 470 650 515 Plautum
661 475 773 517 veterem
784 472 887 528 podiam

76 538 171 592 ‚dicere
180 538 298 583 videmus
308 537 337 582 in
347 536 480 583 comoedia
491 537 639 584 Cistellaria
648 538 688 583 bis
700 538 798 586 verbis:

112 628 149 654 ··-.-
158 629 194 637 -
202 629 236 642 -
254 607 317 652 Tum
325 605 384 662 tila,
394 619 471 664 picam
480 611 680 666 compresserat,

114 674 230 718 liecumo
238 678 301 731 post
309 685 392 717 mense
402 679 496 717 eructo
506 672 549 717 hle
555 669 763 731 peperitfiltam.

81 740 104 784 3.
109 740 181 790 Hoc
189 738 260 790 idern
270 738 349 784 tradit
359 738 437 784 etiam
446 739 594 799 Menander,
606 742 684 797 putta
695 736 885 797 vetustiorib-

78 819 215 852 manarum
226 806 380 863 opinionum
394 806 436 850 vel
451 805 633 863 peritissimus
667 808 765 853 Versus
775 807 830 854 eius
841 820 885 853 su-

78 886 126 933 per
137 887 170 918 ea
179 886 208 918 re
219 872 250 917 de
260 873 348 919 fabula
358 872 448 918 Plocio
459 873 548 931 posui:

111 937 139 984 Γ
138 952 185 999 unq
195 942 249 984 κυεῖ
260 929 409 1001 determine.

78 1008 103 1053 4.
123 1007 176 1052 Sed
192 1010 282 1053 noster
296 1006 439 1063 Caecilius,
459 1021 516 1052 cunr
530 1008 627 1053 laceret
638 1006 730 1054 eodem
743 1005 847 1053 nomine
857 1009 885 1053 et

75 1069 198 1119 eiusdem
208 1074 349 1131 argumenti
361 1074 528 1134 comoediam,
544 1087 573 1121 ac
583 1076 704 1133 pleraque
715 1089 729 1119 a
739 1074 883 1120 Menandro

79 1144 203 1199 sumeret,
219 1140 246 1186 in
255 1141 384 1187 mensibus
395 1144 479 1187 tamen
489 1142 647 1200 genitalibus
656 1141 820 1189 nominandis
830 1153 884 1185 non

80 1207 257 1265 praetermisit
278 1211 413 1264 octavum,
444 1223 520 1266 quem
533 1208 711 1269 ,praeterierat
732 1206 892 1263 Menander.»

81 1274 191 1322 caecilii
202 1288 291 1324 versus
301 1275 359 1323 bice
370 1276 447 1322 sunt:
463 1305 465 1310 ·

111 1365 191 1388 -.—
198 1366 234 1385 ÷-
243 1343 274 1387 Α.
295 1344 426 1390 Insoletne
435 1343 527 1391 mulier

112 1410 229 1466 [teatino.
237 1422 321 1457 mense
329 1407 462 1470 parere?¹
481 1412 508 1457 B.
527 1412 579 1459 Pol
589 1425 655 1458 nono
665 1413 762 1467 etiam,
775 1412 885 1469 septimo

471 1485 695 1539 ,αιααααοίαααΔ
737 1523 738 1526 ,

82 1546 106 1590 5.
123 1544 190 1591 Eam
198 1558 253 1592 rem
263 1544 405 1591 caecilium
415 1558 469 1593 non
479 1544 670 1592 inconsiderate
681 1543 788 1602 dixisse,
801 1558 883 1601 nequa

81 1615 178 1659 temere
189 1612 353 1658 aMenandro
364 1615 439 1670 atque
449 1626 465 1658 a
473 1613 614 1659 multorum
624 1612 791 1671 opinionibus
802 1612 886 1658 desci-

81 1680 160 1737 uisse,
171 1682 208 1725 Μ.
219 1681 302 1732 Varro
314 1679 354 1724 uti
363 1681 497 1726 credamus
507 1680 579 1727 facit.
607 1683 631 1726 6.
647 1683 712 1727 Nam
721 1693 808 1726 mense
818 1692 885 1724 non-

79 1759 211 1804 nunquam
225 1751 318 1792 octavo
329 1746 427 1793 editum
441 1760 497 1792 esse
507 1750 608 1805 partum
622 1748 650 1792 in
659 1747 727 1795 libro
738 1755 829 1804 quarto
840 1746 885 1791 de·

81 1814 149 1859 cinno
163 1815 258 1860 Rerum
272 1812 425 1860 Divinarum
441 1813 698 1872 scriptnmreliquit:
717 1828 766 1871 quo
778 1814 805 1860 in
814 1812 884 1874 libro

81 1881 161 1927 etiam
177 1880 313 1927 undecimo
329 1894 417 1927 mense
432 1880 572 1939 aliquando
587 1882 660 1930 nasci
669 1895 746 1940 posse
756 1879 886 1927 bominem

82 1948 160 2005 dieit;
172 1948 288 2005 ,eiusque
299 1948 457 2008 sententiae,
473 1952 525 1994 tam
534 1949 565 1994 de
577 1953 669 1997 octavo
680 1963 755 2007 quam
765 1949 795 1993 de
804 1946 886 1992 unde-

81 2014 149 2061 cimo
159 2028 260 2073 menae,
274 2015 443 2062 Aristotelem
457 2015 546 2061 laudat
556 2020 695 2063 auctorem
731 2018 754 2062 t.
776 2014 826 2061 Sed
836 2014 885 2058 hu-

81 2082 123 2128 ius
137 2083 178 2128 de
184 2095 272 2128 mense
288 2085 382 2129 octavo
400 2082 571 2129 dissensionis
582 2098 659 2129 cansa
669 2095 789 2141 cognosci
783 2081 887 2139 potest

76 2149 108 2195 'in
120 2149 191 2197 libro
201 2150 377 2209 Hippocratis,
392 2150 435 2208 qui
445 2149 587 2208 inscriptus
599 2153 638 2196 est
647 2149 715 2212 Περὶ
724 2149 835 2224 τροφῆς,
851 2161 886 2195 ex

82 2229 133 2274 qno
150 2216 220 2263 libro
237 2220 317 2264 verba
332 2218 395 2264 baec
410 2220 483 2264 sunt:
500 2213 572 2261 Ἐστι
583 2215 610 2261 dl
621 2216 663 2262 καὶ
674 2232 719 2262 οικ
728 2215 797 2262 ἔστιν
807 2208 887 2260 ὀκτά-

80 2297 164 2346 μηνος
175 2282 298 2344 γένεσις.
310 2287 333 2331 8.
349 2285 379 2330 ld
390 2287 440 2329 tarn
451 2287 559 2331 obscure
570 2287 646 2340 atque
657 2284 773 2342 praecise
783 2285 885 2339 tamque

79 2352 193 2397 bdverse
203 2350 299 2397 dictum
309 2352 419 2397 Sabinus
428 2352 554 2411 medicus,
568 2352 611 2409 qui
621 2353 805 2411 Hippocratem
817 2363 887 2395 com·

81 2417 233 2464 modissime
250 2421 434 2466 commentatos
449 2423 503 2496 est,
517 2419 559 2465 bis
573 2419 660 2464 ierbis
670 2417 813 2465 enarravit:
833 2415 888 2461 ἔστι

80 2483 129 2565 μὶν
144 2478 287 2561 φαινόμενα
306 2480 339 2538 ὥς
354 2481 406 2540 ζῶα
420 2478 487 2547 μετὰ
496 2452 551 2544 τὴν
566 2484 699 2564 ἴκτρωσιν·
718 2480 774 2531 οὐκ
790 2482 844 2530 ἔστι
858 2479 887 2527 ‹lb

82 2566 116 2604 ως
132 2544 285 2611 θνήσκοντα
301 2546 368 2615 μετὰ
383 2550 478 2598 ταῦτα·
496 2551 540 2597 καὶ
554 2552 621 2600 ἔστιν
636 2544 683 2597 οὖν
697 2548 825 2617 φαντασία
838 2546 887 2611 μὲν

81 2613 260 2682 παραυτίκα
244 2633 319 2670 crucis
337 2613 442 2681 dorcium
459 2613 527 2664 δὲ
499 2634 545 2665 ουκ
558 2618 621 2665 εστι
657 2623 682 2666 b.
700 2618 827 2676 Antiquos
840 2630 887 2661 au

83 2688 133 2734 tem
152 2687 285 2734 Romanos
304 2690 387 2733 Varro
407 2686 470 2733 dicit
488 2701 549 2735 uon
560 2686 689 2747 recepisse
708 2682 887 2734 huiuscemodi
