2067 3034
289 148 370 198 ssa
394 146 455 197 xv.
490 148 625 197 cana
809 146 861 199 aas
894 109 896 114 ’

49 270 159 325 temque
173 280 231 314 eam
245 279 301 313 esse
310 266 387 314 bonis
397 281 427 315 sc
436 266 547 315 fortibus
556 266 621 314 viris
635 264 787 314 censuisset.
821 271 860 317 Ac

48 335 134 382 simul
151 334 221 381 iuter
240 334 368 380 eiusmodi
387 336 532 381 orationem
550 333 649 381 crebris
666 337 692 379 et
711 333 859 392 ingentibus

49 402 161 462 poculis
172 415 247 448 omne
256 401 389 459 ingenium
398 401 582 461 ingurgitabat,
588 401 706 447 tomitem
716 414 773 447 esse
780 414 860 457 quen-

51 470 116 516 dam
130 468 220 514 dicens
234 472 261 515 et
274 468 444 514 incitabnlum
454 468 556 526 ingenii
566 468 736 523 virtutisque,
755 470 779 515 si
789 481 861 515 mens

51 538 82 585 et
92 549 190 595 eorpus
199 532 312 581 hominis
323 535 386 582 vino
396 536 527 594 flagraret.
561 537 586 580 4.
604 535 656 579 Sed
669 534 738 580 enim
747 534 823 596 Plpto
834 535 864 581 in

52 603 143 663 primo
153 606 181 649 et
192 602 305 650 seeundo
316 605 356 650 De
366 602 478 660 Legibus
490 616 553 657 non,
562 603 593 647 ut
602 600 650 646 ille
660 601 756 648 nebulo
768 602 863 661 opina-

51 672 143 731 batur,
158 669 309 716 ebrietatem
318 670 394 715 istam
404 668 587 729 turpissimam,
601 681 666 725 quae
675 668 825 715 labefacere
835 670 863 714 et

52 737 176 785 minuere
186 736 318 783 hominum
327 738 425 783 mentes
435 737 511 797 solet,
523 735 655 795 laudavit3
675 735 721 780 sed
730 734 797 782 bane
806 736 862 782 lar·

54 804 161 864 giorem
174 804 253 862 paulu
269 803 497 861 iucundioremque
513 803 569 863 sini
578 800 773 862 invitationem,
793 815 870 860 quaer

55 872 133 919 fieret
147 872 193 917 snb
208 869 362 930 quibusdam
379 871 451 928 quasi
467 869 574 917 arbitris
589 872 615 915 et
626 868 757 927 magistris
771 868 868 928 eonvi-⁴

54 939 163 985 riorum
172 937 276 997 sobriis,
287 951 341 984 non
350 937 514 996 improbavit.
544 939 566 982 5.
580 939 646 984 Nasu
658 939 684 982 et
693 935 803 981 modicis
812 936 870 982 bo-,

56 1005 195 1062 nestisqne
209 1004 278 1051 inter
288 1005 423 1053 bibendum
432 1003 631 1054 remissionibus
640 1003 710 1050 retici
719 1001 869 1064 integrari-‚

57 1086 109 1131 que
125 1072 225 1118 animos
239 1071 272 1118 ad
286 1071 454 1118 instauranda
468 1070 617 1117 sobrietatis
631 1068 715 1117 officia
726 1067 870 1123 existima-j
906 1092 909 1095 ⁴

58 1140 110 1195 vit,
125 1138 249 1195 reddique
259 1152 304 1185 eos
316 1139 410 1190 sensim
420 1138 559 1200 laetiores,
573 1140 649 1195 atque
660 1137 692 1183 ad
702 1136 869 1195 intentiones,

57 1206 301 1264 rursuscapiendus
315 1206 371 1252 tisri
385 1205 539 1253 habiliores:
558 1207 585 1251 et
593 1204 683 1262 simul,
701 1204 724 1250 si
734 1203 778 1261 qui
788 1203 866 1263 peni-

59 1277 104 1321 tus
119 1274 147 1320 in
160 1273 194 1319 iis
207 1272 604 1331 affectionumcupiditatumque
620 1285 721 1320 errores
737 1272 868 1331 inessent,

60 1355 127 1401 quos
142 1340 238 1398 aliquis
249 1341 333 1399 pudor
345 1353 467 1386 reverens
484 1340 645 1399 conceleret‚
665 1353 696 1385 ea
707 1339 794 1384 omnia
803 1336 863 1384 sine

61 1408 137 1469 gravi
151 1408 279 1466 periculo,
299 1407 417 1453 libertate
432 1421 478 1468 per
488 1407 577 1453 vinnm
592 1405 659 1465 datu,
680 1404 774 1464 detegi,
792 1404 864 1452 etad

62 1475 245 1535 corrigendum
257 1474 458 1532 medendumque
472 1474 528 1520 lieri
540 1472 735 1531 opportuniora.
771 1475 795 1519 6.
813 1475 865 1528 aa,

61 1556 112 1602 que
122 1542 171 1589 hoc
181 1541 259 1588 etiam
267 1542 343 1587 Plato
356 1540 451 1587 ibidem
461 1537 540 1597 dicit,
558 1553 610 1588 non
623 1539 792 1599 defugiendas
803 1553 864 1600 esse

60 1623 145 1667 neque
155 1610 312 1667 respuendas
319 1607 503 1654 huiuscemodi
513 1607 717 1655 exercitationes
727 1608 865 1655 adversum

61 1676 263 1737 propulsandam
282 1675 337 1721 vini
356 1674 524 1734 violentiam
551 1687 634 1732 neque
653 1675 733 1721 ullum
751 1687 864 1734 uuquam

62 1744 238 1797 coutinentem
251 1749 400 1801 prorsusne
413 1744 596 1801 temperantem
610 1742 673 1789 satis
692 1741 803 1788 fideliter
821 1740 864 1787 vi-

63 1825 120 1859 sum
134 1824 204 1870 csse,
224 1810 296 1856 cuius
311 1808 366 1856 vita
379 1808 511 1867 virtusque
526 1809 663 1858 noninter
674 1810 733 1868 ipsa
746 1821 865 1864 errorum

62 1877 179 1938 pericula
188 1879 215 1925 et
224 1877 251 1922 in
260 1876 351 1932 mediis
362 1877 523 1935 voluptatum
531 1875 663 1923 illecebris
670 1876 810 1935 explorata
819 1874 864 1926 sit,

63 1949 89 1992 ’1.
112 1940 176 1992 Nam
200 1943 244 1990 cui
261 1943 385 1991 libentiae
404 1943 554 2001 gratiaeque
575 1955 663 1989 omnes
683 1942 868 1989 conviviorum

64 2012 212 2070 incognitae
226 2010 290 2072 sint,
310 2010 403 2068 quique
420 2010 525 2058 illarum
544 2011 649 2057 omnino
671 2023 766 2067 expers
778 2008 821 2065 sit,
839 2008 867 2058 si

65 2094 122 2128 eum
133 2080 200 2126 torte
213 2079 245 2124 ad
255 2077 445 2137 participandas
458 2077 588 2140 piusmodi
601 2077 746 2135 voluptates
761 2078 806 2122 aut
816 2077 866 2121 vo·¹

64 2148 151 2196 luntas
161 2145 265 2204 tulerit,
283 2147 328 2191 sut
338 2157 411 2191 casus
421 2144 567 2203 induxerit,
588 2147 632 2191 sut
642 2144 784 2191 necessitas
795 2156 867 2201 comss

65 2214 173 2276 pulerit,
190 2212 300 2260 deleniri
310 2212 459 2271 plerumque
469 2216 494 2258 et
504 2212 575 2274 capi,
592 2225 676 2270 neque
686 2213 797 2258 mentem
806 2210 866 2255 ani·

65 2295 181 2340 mumque
197 2280 254 2327 cius
271 2278 427 2339 consistere,
445 2279 491 2325 sed
501 2279 529 2324 vl
539 2280 648 2337 quadam
656 2292 725 2325 nova
734 2278 813 2328 ictum
822 2277 865 2333 laq
927 2274 930 2278 ’

65 2352 177 2401 bascere.
205 2350 229 2393 8.
243 2346 466 2406 Congrediendum
475 2345 555 2405 igitur
566 2346 680 2402 censuit,
695 2348 730 2405 et,
743 2348 866 2402 tanquam

66 2418 96 2473 in
108 2416 163 2462 acie
173 2414 292 2473 quadam,
314 2427 371 2460 cum
380 2412 536 2471 voluptariis
545 2415 622 2460 rebus
632 2426 737 2470 eumque
747 2411 798 2457 Ista
808 2409 866 2457 vini

67 2483 174 2532 licentis
188 2481 304 2529 cominus
322 2480 521 2527 decernendum:
547 2483 576 2525 ut
595 2479 731 2525 adversum
749 2491 793 2526 eos
810 2491 867 2524 non

69 2553 130 2609 iuga
142 2549 219 2596 simus
233 2548 296 2609 tuti,
311 2561 359 2594 nee
369 2547 498 2606 absentia3
516 2548 564 2594 sed
576 2545 666 2605 vigore
676 2545 756 2596 animi
765 2548 792 2592 et
801 2558 867 2591 con-

71 2616 147 2665 stanti
161 2616 321 2676 praesentia‚
338 2609 523 2673 moderatoque
535 2628 585 2661 usu
599 2612 794 2672 temperantiam
803 2625 879 2658 con-s

71 2684 253 2743 tinentiamque
263 2686 388 2746 tueamur,
404 2686 430 2730 et
440 2683 565 2730 calelaeto
576 2681 653 2729 simul
661 2682 798 2739 refotoque
809 2678 868 2726 ani·
