2067 3034
287 147 373 200 [ΑΒ.
389 139 524 201 xvms
543 149 632 197 CAP.
653 152 677 197 7.
836 148 890 200 417

78 277 135 326 iam
151 274 207 322 erat
219 273 313 319 natura
328 268 524 317 intractabilior
536 259 562 314 e't
570 267 714 314 morosior:
731 270 755 313 2.
766 267 790 314 ei
800 270 890 317 Domi-

77 347 119 392 tio
128 341 276 391 Favorinus
289 341 393 395 noster,
414 350 471 383 cum
484 337 553 382 forte
569 334 637 393 apud
648 336 735 381 fanum
745 337 888 386 Carmentis

68 412 184 461 'obviam
192 408 318 467 venisset,
329 409 407 462 atque
418 418 466 463 ego
478 417 535 450 eum
544 402 677 448 Favorino
688 413 783 449 essem:
803 405 889 458 Quae-

78 494 124 539 so,
141 476 240 536 inquit,
258 478 284 521 te
293 473 427 533 magister,
447 471 518 517 dicas
529 469 601 529 mihi,
621 482 681 515 num
692 470 791 528 erravi,
810 472 887 530 quod,

80 560 139 595 eum
150 544 247 592 vellem
261 537 425 603 δημηγορίας
439 539 533 585 Latine
550 537 648 600 dicere,
667 538 802 584 conciones
814 538 887 588 dixis

77 613 178 661 Dubito
193 610 286 669 quippe
301 610 328 654 et
340 607 458 665 requiro,
477 619 511 651 an
524 606 642 651 veterum
658 618 759 662 eorum,
778 605 821 663 qui
832 607 887 652 ele·

80 681 148 729 etius
158 678 241 726 locuti
250 678 373 734 sunt,pro
383 673 471 720 verbis
481 674 508 719 et
516 673 636 718 oratione
647 672 745 719 dixerit
755 673 813 731 quis
824 686 887 720 con-

80 748 192 796 cionem.
228 747 252 791 3.
273 745 339 790 Tum
348 741 484 791 ¹Domitius
495 746 559 786 voce
570 741 645 796 atque
656 740 731 786 vultu
742 740 885 789 atrociore:

80 816 175 872 Nulla,
194 811 292 871 inquit,
315 821 422 869 prorsus
436 809 521 854 bonae
536 806 629 854 salutis
646 806 820 865 spes'reliqua
835 812 885 872 est,

82 896 141 930 cum
150 892 198 927 vos
209 892 319 937 quoque,
329 876 544 936 philosophorum
553 875 736 933 illustrissimi,
754 875 823 921 nihil
833 876 885 924 iam

82 949 169 1002 aliud,
186 960 260 1006 quam
273 947 353 991 verba
368 943 585 999 auctoritatesque
601 944 738 988 verborum
751 943 823 989 cordi
839 944 885 990 ha·

81 1017 175 1064 beatis.
206 1013 309 1060 Mittam
324 1013 409 1057 autem
423 1010 517 1056 librum
531 1009 591 1069 tihi,
609 1009 638 1054 in
653 1023 704 1067 quo
719 1010 747 1055 id
760 1010 885 1071 reperias,

82 1085 152 1144 quod
166 1080 277 1141 quaeris·
313 1078 369 1137 Ego
381 1077 448 1123 euim
458 1077 652 1139 grammaticus,
667 1077 737 1123 vitae
748 1077 799 1123 iam
810 1081 885 1135 atque

80 1164 183 1200 morum
193 1146 344 1206 disciplinas
355 1158 463 1203 quaero:
480 1157 528 1190 vos
539 1143 688 1203 philosophi
697 1158 768 1190 mera
778 1145 849 1205 estis,
855 1149 886 1193 ut

82 1222 119 1269 sl.
131 1220 195 1264 Catu
213 1216 262 1275 ait,
276 1212 420 1260 mortuaria
429 1212 572 1271 glossaria,
591 1225 700 1269 namque
710 1212 837 1271 colligitis
847 1213 888 1259 le··

81 1286 167 1344 xidia,
181 1296 223 1330 res
233 1285 322 1334 tetras,
337 1283 363 1326 et
373 1281 471 1337 inanes,
489 1282 515 1326 et
525 1279 644 1333 frivolas,
663 1283 783 1336 tanquam
792 1280 887 1328 mulie·
965 1307 968 1315 ι

82 1367 141 1400 rum
156 1362 233 1397 voces
251 1348 428 1407 practicarum.
463 1348 547 1402 atque
567 1346 677 1403 utinam,
701 1347 799 1405 inquit,
821 1347 887 1394 muti

64 1411 174 1467 ‘omnes
188 1415 305 1462 homines
320 1409 446 1459 essemus!
464 1412 550 1458 minus
561 1412 712 1471 improbitas
721 1414 887 1462 instrumenti

81 1486 199 1533 haberet.
227 1486 251 1528 4.
264 1483 376 1537 Cumque
387 1479 499 1537 digressi
509 1491 637 1528 essemus:
654 1483 714 1526 Non
724 1483 885 1543 tempestive,

82 1552 168 1610 inquit
177 1548 338 1603 Favorinus,
357 1546 425 1592 hune
441 1545 571 1592 hominem
580 1547 742 1595 accessimus.
776 1550 886 1597 Videtur

81 1620 153 1669 enim
161 1617 225 1664 mihi
234 1613 426 1678 ἐπιμαίνεσθαι.
460 1614 572 1668 Scitote,
587 1613 680 1672 inquit,
696 1619 781 1663 tamen
791 1617 886 1664 intem·

82 1686 182 1748 perlem
192 1685 277 1743 istam,
295 1695 360 1740 quae
371 1677 530 1742 μελαγχολίαι
540 1680 647 1737 dicitur,
660 1695 714 1727 non
723 1684 820 1741 parvis,
836 1698 885 1732 nee

82 1752 191 1802 abiectis
199 1750 314 1811 ingeniis
324 1748 455 1804 accidere,
470 1740 536 1793 ἀλλὰ
547 1746 611 1792 εἶναι
621 1743 746 1806 σχεδόντι
755 1744 886 1803 τὸπάθος

80 1819 164 1869 τοῦτο
177 1811 302 1883 ἡρωϊκόν,
324 1819 350 1862 et
365 1815 490 1862 veritates
502 1815 653 1873 plerumque
668 1815 773 1873 fortiter
788 1817 884 1876 dicere,

76 1890 129 1939 ,scil
148 1887 295 1946 respectum
311 1897 365 1930 non
379 1883 474 1929 habere
488 1875 550 1944 μήτε
567 1881 673 1946 καιροῦ,
692 1878 759 1945 μήτε
777 1884 883 1947 μέτρου.

80 1957 132 2004 Vel
142 1955 224 2014 ipsum
235 1952 311 2011 quale
321 1951 370 1998 hoc
381 1950 552 2007 existimatis,
570 1951 638 2008 quoti
648 1964 718 1996 nunc
728 1951 758 1997 de
768 1951 885 2010 philoso-

81 2024 140 2085 phis
150 2022 236 2070 (lixiti
272 2023 378 2079 Nonne,
399 2018 423 2064 si
432 2017 459 2063 id
468 2018 636 2065 Antisthenes
646 2022 692 2065 aut
703 2019 834 2077 Diogenes
845 2020 885 2066 (li-

81 2092 181 2150 xisset,
198 2089 303 2147 dignum
313 2085 439 2133 memoria
449 2086 532 2131 visum
547 2087 630 2133 esseti
666 2090 689 2133 5.
707 2086 782 2132 Misit
798 2088 885 2133 autem

81 2159 162 2219 paulo
179 2159 239 2215 post
248 2154 379 2201 Favorino
391 2154 498 2213 librum,
519 2166 594 2210 quem
603 2154 769 2211 promiserat:
786 2152 884 2216 Verrii,

83 2227 190 2284 opinor,
209 2222 297 2270 Flacci
312 2225 379 2280 erat,
398 2220 425 2265 in
439 2234 489 2278 quo
503 2221 600 2279 scripta
614 2221 646 2266 ad
654 2222 704 2268 hac
712 2233 796 2280 genus
806 2234 885 2278 quae-

83 2292 178 2340 stionis
198 2289 357 2349 pertinentia
369 2290 434 2334 liaeo
449 2289 573 2336 fuerunt:
597 2296 715 2335 cenatum
730 2288 782 2334 dici
796 2292 823 2335 et
837 2302 884 2347 pro

82 2361 143 2408 loeo
155 2361 181 2405 et
191 2370 237 2417 pro
247 2356 409 2412 hominibus3
429 2358 561 2401 civitatem
577 2357 605 2400 et
613 2370 660 2413 pro
671 2358 732 2402 loco
744 2359 771 2402 et
779 2370 826 2415 pro
838 2369 886 2415 op·

81 2428 155 2487 pido,
183 2428 210 2472 et
228 2437 275 2483 pro
295 2424 351 2469 iure
370 2435 471 2480 quoque
491 2422 617 2478 omnium,
630 2426 671 2493 ,et
689 2436 735 2481 pro
754 2423 885 2469 hominum

81 2493 262 2543 multitudine:
282 2492 366 2537 tritus
376 2502 480 2548 quoque
494 2492 521 2536 et
530 2492 650 2537 decuriae
661 2490 713 2536 (lici
723 2493 749 2536 et
758 2504 805 2549 pro
816 2490 886 2550 loco,

83 2564 110 2607 et
127 2574 176 2618 pro
194 2560 263 2616 iure,
284 2560 313 2604 et
330 2571 378 2616 pro
397 2556 559 2617 hominibus,
596 2562 620 2604 6.
638 2560 783 2605 concionem
801 2561 887 2604 autem

81 2628 136 2674 tria
145 2627 302 2688 significare,
322 2625 421 2685 locum,
441 2627 466 2670 et
479 2628 566 2683 verba,
586 2629 796 2685 suggestumque,
816 2625 885 2671 unde

82 2695 275 2742 certauerant:
298 2694 361 2740 item
375 2691 522 2751 significare
537 2696 636 2741 coetum
655 2693 748 2753 populi
763 2692 887 2740 assisten-

118 2762 274 2807 Gsaurus.
632 2762 679 2808 Du
