2067 3034
297 164 381 211 ¹1¹3·
397 163 483 213 xm.
518 164 608 213 CAP.
628 163 663 214 da,
827 162 879 215 283

74 282 185 341 starum,
205 279 233 327 et
243 278 322 339 paulo
332 283 391 329 ante
401 282 429 328 in
438 282 507 330 libro
520 284 558 329 M.
569 280 709 344 Varronis,
728 280 774 342 mi
783 282 878 332 inscri-

11 375 13 396 ›
74 353 132 408 ptos
144 352 184 394 est
199 350 303 395 Orestes
319 350 362 395 vel
372 351 410 397 De
426 350 545 410 Insania,
566 351 745 409 Olympiadem
761 352 878 411 Philippi

76 429 187 462 uxorem
201 415 368 463 festivissime
382 416 549 474 rescripsisse
564 418 673 476 legimns
684 418 835 470 Alexandro
850 420 879 464 ii·

66 481 125 529 ‘lio.
160 484 184 527 2.
202 482 268 529 Nam
282 498 337 530 cum
351 482 373 529 is
389 484 421 529 ad
434 487 542 529 matrem
557 483 594 530 ita
604 484 769 542 scripsisset:
796 485 880 531 REX

65 549 338 610 maumonii,
365 551 476 597 lovis
498 551 712 597 HAMMONlS
735 552 879 611 FILIUS,

77 616 299 662 OLYMPIADI
341 618 468 664 MATRI
518 618 709 664 SALUTEM
752 619 878 677 DlClT,

77 683 212 741 olympias
229 684 254 729 ei
268 683 403 742 rescripsit
414 684 446 730 ad
455 684 521 729 hanc
530 684 697 731 sententiam:
715 683 822 740 Amabo,
837 685 878 731 in-

64 745 142 818 ]quit,
150 747 243 808 mifils‘,
254 753 381 811 quiescas,
391 765 471 812 neque
481 750 589 812 deferas
598 766 645 811 me,
652 765 732 812 neque
742 754 879 800 criminere

39 824 41 828 '
76 817 216 864 adversum
226 818 356 865 Iunonem.
383 819 484 867 Malam
494 817 688 877 mihipressam
699 819 750 865 ille
759 833 879 879 magnum

77 884 164 942 dabit,
183 899 238 932 eum
250 892 278 931 trs
287 899 326 931 nse
336 887 423 933 literis
434 886 611 945 tuispells'cem
621 886 664 932 illi
672 899 726 932 esse
736 882 878 943 confiteris.

77 954 101 998 3.
121 950 159 996 Ea
172 951 291 999 mulieris
306 952 387 999 scitae
404 956 479 1010 atque
496 951 630 1010 prudentis
647 966 709 1011 erga
723 954 837 999 ferocem
849 954 880 999 li·

76 1017 142 1064 lium
156 1018 263 1065 comitas
280 1020 375 1065 sensim
394 1023 421 1065 et
439 1020 547 1065 comiter
564 1019 727 1065 admonuisse
746 1032 802 1065 eum
820 1019 879 1066 visa
927 1069 931 1088 ‚

76 1088 130 1152 est,
149 1084 327 1144 deponendam
337 1100 394 1133 esse
405 1086 556 1146 opinionem
566 1099 658 1132 vanam
663 1116 673 1143 ,
692 1099 768 1143 quam
778 1085 826 1132 ille
837 1086 878 1131 in-

76 1154 197 1212 gentibus
213 1153 329 1200 victoriis
344 1157 370 1200 et
382 1153 544 1200 adulantium
558 1152 743 1199 blandimentis
759 1157 786 1199 et
799 1155 878 1200 rebus

77 1235 156 1281 supra
169 1221 243 1268 fldem
256 1221 388 1281 prosperis
404 1220 556 1278 imbiberat,
572 1220 687 1279 genitum
701 1233 757 1269 esse
772 1232 830 1268 sese
846 1220 878 1266 de

76 1292 147 1336 love.

105 1435 140 1480 De
148 1435 271 1479 Aristotele
283 1368 455 1493 Theofgrffecop,
470 1369 646 1488 {direnegmm
663 1434 821 1492 philosophis.-
840 1438 877 1478 ele·

132 1507 173 1551 que
186 1492 289 1546 eleganti
300 1492 434 1537 serenorum
442 1491 585 1544 Aristotelis,
603 1505 750 1536 ascensorem
762 1490 878 1535 diatribae

132 1562 185 1591 suae
194 1548 304 1603 eligentis.

111 1626 136 1672 l.
154 1627 311 1673 Aristoteles
321 1625 503 1686 philosophus,
523 1638 605 1672 annos
615 1625 666 1672 iam
676 1627 731 1672 iere
740 1628 816 1671 natos
826 1624 877 1671 dno

76 1696 104 1741 et
118 1693 267 1753 sexaginta,
284 1706 393 1751 corpore
405 1706 482 1751 aegro
494 1693 647 1755 affectaque,
662 1706 692 1739 ac
702 1707 747 1751 spe
760 1692 828 1738 vitae
838 1695 878 1738 te-

75 1760 122 1807 nui
133 1759 191 1806 init.
220 1763 246 1807 2.
260 1760 426 1806 Tuncomnis
437 1759 493 1806 eius
507 1762 665 1806 sectatorum
675 1758 767 1806 cohors
777 1759 810 1805 ad
820 1773 879 1805 enm

75 1826 191 1887 accedit,
210 1829 314 1873 orantes
329 1825 560 1885 obsecrantesque,
580 1826 674 1885 utipse
685 1826 813 1885 deligeret
823 1824 877 1872 loci

74 1895 115 1942 sni
131 1897 158 1940 et
170 1893 314 1953 magisterii
329 1906 518 1956 successorem,
537 1906 598 1953 quo,
617 1896 809 1952 postsummam
819 1892 877 1938 eins

75 1962 156 2017 diem,
174 1960 281 2019 perinde
292 1962 320 2005 ut
331 1959 403 2018 ipso,
419 1962 556 2006 uterentur
565 1960 597 2005 ad
607 1960 693 2007 studia
702 1960 878 2006 doctrinarum

74 2028 228 2086 complenda
239 2026 445 2085 excolendaque,
467 2026 559 2084 quibus
569 2029 600 2073 ab
610 2040 643 2073 eo
654 2026 746 2073 imbuti
757 2027 878 2073 fuissent.

74 2100 99 2144 3.
111 2096 193 2143 Erant
202 2098 263 2142 tunc
273 2094 300 2140 in
310 2094 367 2140 eius
377 2095 440 2140 ludo
450 2093 512 2140 boni
523 2093 606 2150 multi,
620 2094 665 2141 sed
674 2093 807 2153 praecipui
817 2094 877 2154 duo,

75 2162 270 2223 Theophrastus
284 2162 310 2207 et
324 2161 501 2208 Menedemus.
535 2161 642 2218 Ingenio
658 2161 679 2207 ii
692 2165 769 2219 atque
780 2159 878 2208 doctri.

73 2230 117 2279 nis
128 2232 228 2277 ceteros
238 2228 415 2287 praestabant;
435 2229 502 2275 slter
513 2240 547 2273 ex
557 2227 643 2274 insula
651 2229 736 2275 Lesbo
747 2228 805 2282 luit,
820 2230 877 2280 lits·

73 2298 198 2345 nedemns
209 2300 295 2343 autem
303 2294 404 2341 Rhodo.
433 2298 458 2343 4.
468 2294 625 2342 Aristoteles
634 2294 777 2355 respondit,
794 2297 877 2342 factu-

73 2377 214 2421 ramesse,
233 2362 302 2421 quod
313 2363 423 2421 vellent,
444 2376 502 2410 cum
511 2362 538 2408 id
549 2362 597 2408 sibi
609 2363 678 2411 foret
687 2363 877 2420 tempestivum.

74 2436 100 2479 5.
118 2432 215 2478 Postea
224 2429 299 2477 brevi
309 2432 425 2488 tempore
436 2444 493 2475 cum
502 2429 581 2475 iidem
591 2429 642 2490 illi,
656 2428 700 2488 qui
711 2430 742 2476 de
752 2430 877 2488 magistro

75 2498 230 2545 destinando
241 2497 378 2557 petierant,
387 2500 537 2556 praesentes
548 2500 641 2558 essent,
652 2498 741 2544 vinnm
751 2496 796 2554 ait,
807 2498 878 2554 quod

74 2570 130 2613 tum
139 2565 254 2625 biberet,
269 2578 324 2611 non
334 2577 391 2612 esse
401 2564 428 2610 id
438 2577 473 2611 ex
482 2564 632 2611 valetudine
642 2578 702 2622 sna,
719 2564 765 2610 sed
778 2564 877 2611 insalsa„

74 2636 122 2680 bre
134 2633 279 2688 essentque
290 2643 421 2690 asperum3
442 2645 471 2678 sc
480 2634 619 2691 propterea
628 2630 716 2691 quaeri
726 2631 818 2679 debere
829 2644 878 2677 ex·

76 2699 178 2770 oticum
188 2698 232 2746 rel
244 2697 374 2748 Rhodium
387 2698 506 2763 aliquod,
525 2699 569 2747 vel
582 2700 711 2748 Lesbium,
745 2702 770 2746 6.
788 2699 816 2745 ld
828 2696 879 2745 sibt
