2067 3034
294 122 377 171 LlB.
395 122 445 171 IV.
480 123 562 170 CAP.
584 124 623 171 12.
643 121 686 171 13.
843 124 894 176 itt

88 245 139 291 bus
157 239 296 288 nonnullis
315 241 446 289 abstinere
465 241 667 301 Pythagoricos,
692 240 846 291 Plutarchus
865 246 893 292 in

90 309 268 369 Symposiacis
284 308 355 355 dicit.
391 311 431 355 14.
449 309 623 369 Pythagoram
637 321 699 356 vero
712 310 808 369 ipsum,
826 313 895 358 sicut

91 378 198 424 celebre
213 380 268 435 est,
282 375 448 434 Euphorbum
462 376 546 436 primo
562 390 589 423 ae
599 376 680 423 luisse
691 376 837 437 dictitasse,
857 380 896 426 ita

7 448 9 452 '
89 445 155 491 haec
168 443 312 490 remotiora
326 443 447 502 sunthis,
463 456 528 500 quae
539 444 676 489 Clearchus
685 448 711 491 et
721 444 896 492 Dicaearchus

90 511 234 558 memoriae
253 510 423 568 tradiderunt,
442 510 524 557 inisse
543 524 601 557 eum
619 516 708 570 postea
728 512 896 572 Pyrandrum,

61 575 66 585 '
90 578 187 625 deinde
198 577 362 638 Calliclem,
381 577 474 624 deinde
486 578 607 625 laminam
616 580 724 638 pulchra
734 579 801 627 lucie
811 593 897 627 meree

90 645 195 703 tricem,
205 644 248 692 cui
257 657 351 691 nomeu
361 640 467 708 [luerit]
477 644 561 691 Alcen

346 775 530 828 CAPUT
566 776 637 829 XII.

121 859 201 906 Notae
213 864 237 903 et
245 857 450 902 uninmslosrsioms
459 860 580 912 samariae,
593 860 618 903 ia
626 860 738 906 ustssibsu
746 862 897 908 mmsis

149 922 262 974 repertas,
272 914 382 959 mastusia
392 915 483 971 digssae.
573 937 574 940 ¹
663 960 665 969 ,

128 1012 152 1058 l.
168 1009 265 1068 Siquis
276 1021 364 1068 agrum
374 1022 448 1056 sunm
458 1023 548 1069 passus
559 1011 644 1058 marat
655 1012 814 1073 sordescere,
825 1026 897 1061 cusu·

95 1092 146 1138 que
156 1078 330 1136 indiligenter
339 1080 452 1136 curabat,
464 1092 494 1124 ac
503 1091 588 1135 neque
599 1082 726 1139 araverat,
742 1094 825 1137 neque
835 1094 898 1139 pur-

96 1148 217 1207 gaverat3
238 1145 293 1191 sive
307 1143 364 1201 quis
378 1146 496 1190 arborem
511 1157 585 1191 snam
603 1145 754 1204 vineamque
771 1147 898 1195 habuerat

95 1212 247 1260 derelictui:
265 1225 317 1257 non
327 1211 355 1257 id
365 1211 422 1257 siue
432 1225 516 1269 poena
526 1212 589 1269 fuit;
608 1214 654 1259 scd
664 1216 720 1259 erat
730 1223 795 1273 opus
806 1227 898 1260 censo·

94 1282 175 1328 rium:
195 1292 364 1336 censoresque
375 1279 502 1325 aerarium
513 1280 651 1326 iaciebant.
685 1282 711 1326 2.
730 1282 796 1327 Item
805 1280 829 1326 si
838 1281 897 1338 quis

95 1361 174 1405 eques
189 1347 319 1393 Romanus
338 1359 430 1403 equum
447 1346 542 1393 babere
560 1346 732 1405 gracilentum
750 1349 795 1395 aut
808 1357 898 1406 perum

95 1415 210 1462 nitidum
218 1413 292 1460 visus
303 1416 367 1472 erat,
376 1414 522 1472 impalils'ae
531 1416 677 1460 notabatur.
705 1414 734 1461 ld
744 1417 849 1462 verbum
861 1415 898 1462 si-

95 1482 209 1543 gnificat,
220 1481 293 1539 quasi
305 1476 351 1543 [si]
361 1484 389 1526 tu
399 1480 469 1527 dicas
478 1483 609 1527 incuriae:
628 1482 652 1526 3.
666 1481 739 1529 onius
748 1481 789 1528 rei
798 1482 898 1528 ouius·

95 1565 145 1608 qne
160 1549 330 1595 auctoritatae
344 1550 414 1594 sunt:
432 1550 459 1594 et
471 1550 508 1594 M.
519 1549 583 1595 Cato
597 1547 624 1595 id
636 1560 820 1608 saepenumero
831 1553 898 1597 atte-

95 1620 180 1664 status
190 1619 239 1662 est.
919 1629 923 1637 ·

343 1741 528 1801 CAPUT
561 1745 652 1799 xlll.

86 1833 90 1842 '
122 1831 191 1884 Quod
205 1828 344 1875 incentiones
363 1834 475 1888 quaestam
493 1830 616 1883 tibiassoa,
639 1837 702 1877 certo
721 1833 789 1878 modo
800 1829 898 1890 faetus,

150 1888 257 1933 ischiacis
266 1886 352 1931 mederi
355 1894 458 1944 posswst.

129 1986 154 2031 1.
173 1982 304 2029 creditum
317 1981 367 2027 hoc
380 1995 396 2027 a
409 1980 540 2041 plerisque
555 1983 595 2029 est
608 1983 635 2029 et
643 1980 783 2030 memoriae
791 1983 898 2030 mand»

94 2056 163 2099 tum:
184 2048 293 2097 ischiaci
303 2062 361 2094 oum
369 2048 482 2096 maxime
492 2050 610 2108 doleant,
623 2052 687 2110 tum,
702 2050 724 2097 si
735 2050 848 2097 modulis
857 2052 899 2098 lc.

93 2120 171 2167 nibus
183 2117 282 2163 tibicen
291 2116 405 2175 incinut,
419 2116 503 2163 minui
517 2118 631 2164 dmores.
666 2119 692 2163 2.
709 2118 767 2176 Ego
776 2118 898 2176 nuperri⁴

93 2200 135 2233 me
154 2185 184 2231 in
202 2184 271 2232 libro
291 2182 464 2242 Theophrasti
481 2183 606 2242 scriptum
625 2183 727 2242 inveni,
750 2175 899 2244 viperarum

92 2254 226 2301 morsibus
235 2251 393 2309 tibicinium,
409 2252 474 2297 scite
485 2252 667 2308 modulateque
676 2251 830 2313 adhibitum,
843 2261 899 2300 me·

94 2320 161 2369 deri.
194 2320 284 2367 Refert
291 2318 369 2365 etiam
380 2313 469 2381 [idem]
480 2318 625 2366 Democriti
634 2319 708 2377 liber,
722 2318 765 2377 qui
776 2320 898 2366 interibi.

93 2391 138 2435 tur
147 2384 217 2450 Περὶ
227 2383 327 2448 λοιμῶν
335 2382 353 2446 ἢ
362 2382 487 2447 inspirabis
496 2385 588 2432 aranda
609 2388 634 2433 3.
652 2389 682 2432 la
691 2400 744 2443 quo
754 2388 831 2434 dooei
840 2387 899 2445 plu·

94 2455 169 2503 rimis
183 2454 316 2500 hominum
329 2454 425 2499 morbis
438 2453 581 2501 medicinae
595 2454 677 2501 luisse
691 2453 900 2501 incentiones-ti-

94 2522 204 2568 biarum.
240 2524 264 2567 4.
284 2522 369 2566 Tanta
382 2534 489 2580 prorsus
504 2525 544 2568 cst
558 2521 668 2567 affinitas
684 2522 837 2579 corporibus
851 2519 900 2565 ho·

93 2588 195 2636 minum
204 2587 395 2646 mentibusque,
410 2589 438 2633 et
450 2593 589 2647 propterea
598 2601 699 2646 quoque
709 2588 782 2635 vitiis
792 2590 837 2634 aut
845 2597 900 2634 suc·

93 2655 163 2706 dalis
173 2656 318 2704 animorum
327 2658 354 2702 et
363 2668 508 2714 corporum¹
634 2722 658 2769 R
676 2723 693 2768 2
