2067 3034
153 183 205 237 lrl
404 192 510 237 duur
532 188 703 235 cucur-r

152 323 210 355 nem
221 302 314 361 sutem,
330 320 395 365 quse
405 307 518 353 maximo
529 310 581 363 cst,
595 320 646 352 nou
657 319 748 363 parere
758 306 844 365 verbu,
863 306 907 351 sed
919 305 954 351 si-

152 376 272 422 lentium.
309 378 332 419 d.
352 375 465 436 Idcirco,
486 373 584 433 inquit,
604 375 737 432 podiorum
749 372 955 430 sapientissimus

154 443 285 489 auditores
297 441 359 487 illos
370 442 459 506 Ulixi,
475 441 578 486 labores
589 454 650 487 suos
663 440 839 486 illustrissime
849 454 956 485 norrun-

152 511 198 570 sis,
208 508 252 555 ubi
263 509 389 565 loquendi
399 508 456 554 linis
467 510 560 569 lectuls,
571 522 624 554 non
635 507 775 565 exsultare
784 521 832 553 nec
843 513 957 565 strepere

154 591 202 623 ncc
212 575 352 622 vociferari
363 575 434 633 lacit,
446 575 491 621 sed
502 574 660 622 consiluisse
670 574 806 620 universos
818 574 959 632 dicitquo-

156 644 179 691 si
190 643 317 689 attonitos
331 646 358 688 et
373 642 539 704 obstupidus,
561 641 743 689 delenimentis
753 641 853 687 aurium
863 642 896 686 sd
906 641 959 687 ori·

155 710 229 769 gincs
238 724 318 767 usquo
329 709 401 756 vocis
412 710 631 786 permanantibus.

190 771 342 839 [Ωςιφατ’·
360 771 452 821 οἱδ””
435 790 485 839 opo
495 770 587 828 πάντες
598 767 896 851 ἇκὴνὲγενονιοσιωπῇ·

191 841 248 904 Κη]
246 836 393 906 ,ηθμῶδ
385 841 489 903 ἔσχοντο
498 842 564 890 κατὰ
573 842 673 906 μέγαρα
685 835 808 887 σκιόεντα.
811 842 822 899 ]

184 1022 258 1083 Super
268 1038 322 1085 equo
332 956 737 1083 A1„,„35A„g,‚[,1,2113„21„„,
747 1026 879 1082 appellatur
889 1031 929 1067 est.

193 1106 217 1149 l
236 1103 325 1160 Equus
338 1099 483 1147 Alexandri
497 1099 568 1157 regis
582 1106 608 1148 et
622 1097 705 1160 capite
721 1105 748 1148 et
760 1102 863 1148 nornine
878 1103 960 1146 Buce-

157 1171 250 1231 phalus
265 1169 324 1217 fuit.
358 1170 383 1214 2.
403 1167 505 1211 uncum
519 1168 614 1214 chares
629 1169 734 1247 scripsit
748 1168 855 1215 talentis
871 1167 959 1213 trede-

158 1239 220 1296 cim,
237 1241 262 1281 et
278 1237 335 1293 regi
349 1233 469 1291 Philippo
484 1233 618 1298 donatum:
638 1236 706 1282 ceris
719 1236 802 1283 nostri
813 1249 910 1281 summu
920 1237 961 1280 est

157 1303 278 1351 sestertia
288 1305 404 1348 trecenta
414 1301 558 1348 duodecim.
587 1303 610 1349 3.
623 1297 711 1361 Super
720 1304 769 1350 hoc
778 1317 844 1360 equo
855 1303 960 1359 dignum

157 1370 282 1420 memoria
292 1369 390 1428 visum,
408 1368 491 1426 quod,
510 1369 556 1415 ubi
570 1372 677 1416 ornatus
688 1373 744 1416 erut
753 1374 917 1426 srmotusque
928 1369 961 1414 cd
1013 1373 1016 1377 ’

157 1438 298 1500 proelium,
309 1435 376 1482 baud
385 1448 498 1493 unquam
507 1434 626 1483 inscendi
637 1450 694 1484 sese
704 1439 735 1483 ab
745 1436 799 1482 ulio
809 1436 861 1482 nisi
873 1450 888 1481 a
897 1449 960 1494 rege

157 1519 249 1566 passus
260 1504 302 1549 sit.
337 1506 362 1549 4.
383 1503 410 1548 ld
428 1502 506 1549 etiam
525 1505 556 1549 de
574 1504 625 1549 isto
643 1517 709 1560 equo
726 1508 893 1550 memoratum
908 1506 961 1549 est:

157 1574 234 1633 quod,
246 1585 302 1617 cum
312 1570 339 1615 in
350 1583 381 1615 co
393 1569 509 1615 insidens
520 1571 679 1628 Alexander,
695 1571 764 1619 bello
775 1570 874 1623 indico,
885 1574 911 1615 et
921 1571 962 1615 fa-

159 1641 250 1688 cinora
265 1637 365 1683 tociens
380 1636 474 1693 fortia,
492 1636 520 1683 in
530 1637 644 1684 bostium
653 1650 760 1683 cuneum
772 1636 898 1684 nonsatis
909 1636 961 1683 sibi

158 1706 298 1766 providens
313 1703 474 1761 immisisset,
495 1703 669 1762 coniectisque
679 1704 793 1762 undique
804 1705 832 1749 in
842 1705 962 1749 Alexan·

159 1774 233 1822 druru
252 1771 325 1825 telis,
344 1770 494 1817 vulneribus
510 1771 562 1818 slte
577 1771 605 1817 in
621 1771 722 1818 cervice
738 1776 817 1829 utque
832 1772 859 1816 in
875 1772 960 1817 latere

159 1854 240 1902 equus
254 1839 386 1897 perfossus
403 1841 457 1883 est:
477 1838 645 1885 moribundus
663 1842 749 1884 tomen
766 1853 796 1884 so
807 1852 894 1896 'prope
908 1837 961 1883 ium

158 1905 299 1964 exsanguis
310 1920 323 1951 e
334 1904 425 1950 mediis
436 1904 552 1951 hostibus
561 1919 645 1963 regern
656 1905 821 1952 vivacissimo
833 1918 909 1952 cursu
918 1918 962 1950 re-

157 1975 230 2021 tulit:
249 1975 338 2030 stque,
356 1971 401 2017 ubi
412 1985 469 2016 eum
481 1975 556 2016 extra
566 1974 619 2019 tels
630 1972 769 2027 extulerat,
787 1972 861 2018 illico
871 1972 963 2018 conci·

158 2039 196 2086 dit
206 2043 241 2100 et,
252 2039 349 2085 domini
359 2038 409 2083 iaus
421 2038 569 2095 superstitis
581 2053 701 2094 securus,
714 2039 789 2096 quusi
800 2053 858 2086 cum
867 2051 962 2084 sensus

156 2106 263 2155 hainoni
278 2105 375 2153 solatio
394 2105 504 2150 animam
519 2106 673 2163 exspiravit.
709 2110 733 2151 5.
752 2107 818 2152 Tum
830 2119 880 2151 rex
897 2106 963 2152 dle·

157 2174 266 2233 solidor,
281 2176 355 2231 porto
364 2171 421 2218 eius
432 2173 497 2218 belli
508 2172 628 2228 victoris,
644 2172 765 2230 oppidum
777 2173 805 2217 in
814 2172 908 2217 iisdem
918 2172 962 2217 104

158 2242 195 2285 cis
211 2240 340 2301 condidit,
359 2240 435 2297 idque
448 2240 483 2285 ob
497 2240 558 2297 equi
566 2240 679 2286 honores
689 2239 858 2297 Bucephalou
868 2240 963 2297 appel·
1030 2296 1032 2301 Ι

158 2307 232 2359 lusit

421 2372 442 2422 C
459 2372 481 2422 Α
498 2371 521 2423 Ρ
540 2373 563 2423 U
583 2371 608 2422 'l
640 2372 700 2424 lll.

167 2455 248 2504 Quae
261 2466 343 2502 catos,
362 2457 463 2517 quodque
476 2454 568 2497 inits'um
575 2454 650 2511 fitius
665 2455 760 2500 dicatur
765 2456 915 2511 Protagoras
930 2453 966 2499 ad

212 2508 463 2567 philosophandum
472 2512 578 2555 amussi

167 2588 216 2631 l
231 2586 415 2641 Protogormom
436 2585 517 2631 virum
535 2588 564 2632 in
578 2588 673 2634 studiis
690 2588 866 2635 doctrinarum
886 2602 964 2646 egre.

156 2653 236 2711 glum,
251 2652 325 2698 cuius
335 2664 428 2695 nomeu
434 2652 509 2698 Plato
517 2653 586 2714 libro
598 2654 637 2699 illi
649 2669 696 2701 suo
708 2656 807 2714 inclyto
817 2655 963 2713 inscripsit,

158 2721 349 2767 clarescentem
358 2716 439 2776 siunt,
446 2718 530 2765 victus
536 2722 674 2778 quaerendi
685 2722 969 2781 grotiminmerocdem-
