2067 3034
292 151 372 206 uin.
397 151 509 198 xvrn.
546 151 635 198 cau.
656 155 679 197 2.
836 151 890 204 409
964 140 971 158 ¹

84 283 145 318 cere
156 264 358 324 obsorduisset,
372 282 424 315 uno
435 268 530 326 congio
541 269 599 313 solo
611 265 829 330 fieriamplroram‚
843 272 889 319 iti-

81 339 141 385 dem
152 335 289 381 absurdom
298 339 403 392 est‚uua
412 336 470 382 sola
481 336 577 382 virtute
587 336 667 381 uitam
677 335 733 380 fieri
742 339 841 384 beatam
848 340 888 385 di-

82 416 157 451 cere:
177 401 310 460 quoniam,
330 417 387 448 cum
401 403 486 448 uirtus
498 397 589 457 abest,
604 405 680 448 beata
690 417 745 449 esse
757 405 811 449 vita
820 419 889 460 nun,

80 485 159 530 quam
168 471 262 528 potest.
299 472 339 515 12.
359 472 424 516 Tum
437 469 583 515 Favorinus
597 469 742 527 respiciens
752 471 887 530 Peripate-

80 539 176 585 ticum:
194 537 242 583 Est
251 535 362 594 quidem,
380 535 473 594 inquit,
489 537 621 594 argutiola
631 537 704 591 haec,
720 551 770 594 qua
782 540 813 585 de
824 553 887 585 con·

45 629 50 633 ·
79 605 127 664 gio
137 603 192 651 vini
201 616 262 650 usus
274 617 310 660 es,
327 604 449 661 exposita
459 604 487 651 iu
497 604 587 650 libris:
607 603 664 665 sed,
680 606 709 649 ut
719 605 770 651 scis
777 635 785 660 ,
800 607 885 665 captio

79 671 165 730 magis
177 671 276 729 lepida,
296 685 371 730 quam
384 673 492 729 probum
505 673 551 716 aut
561 670 647 716 simile
659 677 835 729 argumentum
847 675 886 719 ri·

80 739 139 786 deri
151 738 234 784 debet.
264 740 303 785 13.
316 737 428 796 (lougius
438 738 515 796 enim,
527 752 583 783 cum
594 738 675 794 deest,
686 739 763 785 efficit
773 741 884 801 quidem,

78 817 114 853 ne
126 804 160 852 sit
175 805 257 851 iustae
266 818 402 852 mensurae
413 805 550 863 ampliora:
569 804 614 851 sed
628 819 684 851 cum
694 808 794 853 accedit
804 812 830 854 et
839 809 885 855 ad-

81 874 168 927 ditur,
185 885 238 920 non
249 871 297 918 ille
306 885 373 918 uuus
384 872 448 917 tacit
457 872 617 931 amphoram,
637 872 683 917 sed
694 875 806 931 supplet.
842 879 882 922 14.

70 939 173 988 .Virtus
184 940 276 1001 autem,
286 941 316 985 ut
325 938 370 984 isti
380 937 539 994 dicuut‚non
550 939 675 996 accessio,
686 953 768 999 neque
779 944 884 1001 supple-

80 1008 208 1066 mentum,
229 1006 274 1052 sed
289 1006 346 1052 sola
361 1005 418 1063 ipra
430 1006 501 1051 vitae
515 1008 609 1051 beatae
619 1006 702 1051 instar
716 1011 767 1054 est:
788 1013 815 1054 et
824 1024 885 1068 pro„

81 1078 173 1135 pterea
188 1073 269 1120 vitam
284 1075 385 1119 beatam
401 1072 459 1131 ipsa
473 1073 531 1118 sola
545 1086 611 1131 una,
633 1086 689 1118 cum
704 1073 789 1136 adest,
812 1076 885 1124 facit.

82 1145 125 1188 15.
143 1142 213 1186 llaec
229 1143 305 1198 atque
320 1141 373 1185 alia
383 1140 520 1199 quaedam,
541 1140 640 1186 minuta
649 1141 730 1198 magis
741 1144 767 1188 et
776 1143 884 1202 nodosa,

80 1212 204 1265 tauquam
218 1208 286 1265 apud
305 1207 431 1254 arbitrum
446 1209 620 1263 Favorinum,
639 1206 667 1252 iu
686 1222 757 1254 suam
776 1212 884 1269 uterque

81 1273 237 1332 senteutiam
257 1275 431 1321 conterebant.
467 1277 506 1320 16.
526 1275 577 1321 Sed
595 1288 652 1319 cum
671 1273 721 1320 iam
737 1276 819 1333 prima
837 1278 884 1325 tax

81 1341 178 1397 noctis,
196 1343 222 1386 et
233 1341 368 1386 densiores
379 1354 436 1385 esse
446 1342 570 1387 tenebrae
581 1341 736 1399 coepissent,
752 1344 884 1401 prosecuti

81 1407 240 1456 Favorinum
249 1407 277 1453 iu
288 1406 397 1469 domum,
408 1406 437 1452 in
447 1420 522 1465 quam
533 1408 690 1470 devertebat,
707 1409 885 1457 discessimus.
977 1411 980 1416 '

352 1540 540 1593 CAPUT
575 1544 617 1595 ll.

37 1645 41 1650 ¹
111 1623 241 1670 wasmont
257 1625 413 1685 qumestionmn
436 1626 598 1670 certationibus
615 1624 774 1670 Saturnalicia
793 1628 881 1671 lrulicro

136 1682 233 1726 Athenis
243 1682 335 1737 agitare
344 1680 408 1725 soliti
416 1696 501 1725 aremus:
516 1690 584 1740 atquae
592 1683 650 1727 inibi
658 1683 760 1739 imperta
768 1687 881 1741 quamdam

68 1767 72 1774 ·
136 1738 282 1794 sophismata
291 1743 314 1781 et
323 1737 458 1792 aenigmata
468 1739 627 1783 oblectatoria.

67 1855 71 1863 .
115 1816 139 1863 1.
158 1815 308 1862 Saturnalia
323 1814 432 1861 Athenis
447 1814 605 1874 agitabamus
619 1815 702 1861 hilare
717 1827 835 1873 prorsum
850 1828 880 1863 ac

75 1884 206 1943 modeste,
216 1896 279 1942 non,
294 1885 323 1928 ut
334 1882 436 1938 dicitur,
450 1882 613 1929 remittentes
623 1882 744 1938 animum,
755 1877 827 1942 (nam
837 1896 880 1929 re-

68 1951 190 2007 mittere,
205 1950 290 2009 inquit
298 1949 448 2004 Musonius,
462 1949 583 2004 animum,
599 1949 672 2007 quasi
683 1949 799 1994 amittere
810 1945 879 2010 est3)

67 2018 125 2074 saed
143 2018 315 2064 demulcentes
336 2030 393 2062 eum
410 2017 514 2075 paulum
533 2019 608 2073 atque
626 2015 746 2063 laxantes
761 2015 880 2064 iucundis

66 2085 248 2143 -honestisque
259 2098 406 2131 sermonum
414 2083 630 2130 illectationibus.
661 2085 686 2128 2.
702 2081 881 2128 Convenieba-

76 2166 136 2199 mus
146 2154 233 2199 autem
243 2152 275 2197 ad
285 2152 391 2198 eandem
402 2164 506 2197 coenam
518 2149 703 2209 complusculi,
719 2149 761 2207 qui
772 2149 881 2195 Romani

78 2220 107 2266 in
118 2218 253 2265 Graeciam
264 2231 425 2277 veneramus,
438 2218 531 2275 quique
544 2217 645 2263 easdem
654 2216 810 2273 auditiones,
821 2230 880 2262 eos-

76 2287 188 2343 demque
203 2287 320 2332 doctores
335 2286 489 2331 colebamus.
527 2286 551 2330 3.
571 2285 636 2329 Tum
651 2284 694 2340 qui
708 2286 734 2329 et
745 2284 880 2330 coenulam

79 2353 171 2400 ordine
182 2366 229 2399 suo
240 2354 501 2412 curabat,praemium
511 2352 653 2397 solvendae
664 2351 823 2408 quaestionis
834 2365 881 2409 po·

77 2421 156 2467 nebat
175 2420 268 2466 librum
285 2420 381 2466 veteris
397 2419 534 2476 scriptoris
550 2411 592 2463 vel
608 2419 734 2465 Graecum
752 2418 794 2464 vel
807 2416 881 2463 Lati·

77 2500 148 2546 num,
159 2489 184 2532 et
195 2501 317 2533 coronam
327 2500 341 2532 e
350 2487 425 2532 lauro
436 2487 557 2544 plexom3
576 2486 736 2543 totidemque
746 2499 788 2530 res
799 2499 881 2543 quae-

77 2554 164 2612 rebat,
185 2559 247 2612 quot
263 2554 380 2600 homines
396 2553 454 2599 istic
470 2565 583 2599 eramus:
603 2566 710 2611 cumque
730 2566 773 2599 eus
792 2553 882 2598 omnes

67 2623 244 2679 ‚exposuerat
255 2636 307 2667 rem
318 2622 452 2679 locumque
464 2620 568 2666 dicendi
579 2633 635 2667 sors
646 2621 730 2666 dabat.
757 2621 782 2664 4.
795 2621 882 2672 Quae-

79 2686 132 2733 stio
143 2686 223 2745 igitur
234 2690 321 2737 soluta
331 2702 427 2736 corona
437 2690 463 2734 et
473 2689 589 2747 praemio
600 2688 755 2748 donabatur3
774 2701 825 2733 non
838 2699 883 2732 so-
