2067 3034
307 134 381 181 1113,
401 133 499 181 XVII.
536 135 616 182 GAP.
634 137 676 183 21.
846 135 900 187 4⁰3

95 247 300 318 συγχρονισμούς
309 265 535 312 componeremus;
555 253 601 300 sed
611 254 641 301 ut
652 253 749 302 Noctes
759 253 825 304 istuc
836 271 899 314 qus·

96 323 230 370 dsmtenus
243 319 285 366 bis
300 334 402 381 qnoque
418 320 545 367 historiae
559 321 674 368 flosculis
684 322 779 369 leviter
794 321 899 371 iniectis

95 391 305 448 aspergerentur.
339 391 364 434 2.
382 387 452 434 sutis
467 390 554 434 antem
566 388 715 449 ricomeri,
733 388 820 437 inhoc
830 404 900 439 com·

96 455 224 506 menturio
237 456 269 502 de
284 454 444 515 temporibus
453 455 736 514 psucornmhominum
745 456 847 517 dicere,
864 469 899 507 ex

98 536 205 584 quorum
214 522 343 570 aetatibus
352 523 385 568 de
395 522 513 581 pluribus
525 534 634 583 qnoque,
645 536 709 582 qnos
719 537 774 571 non
782 524 901 572 nomina·

97 602 196 649 remus,
212 589 282 637 hund
297 589 410 637 difficilis
424 589 575 637 coniectura
588 590 645 637 ieri
654 593 752 649 posset.
787 592 812 639 3.
830 592 900 639 luei-

60 668 63 672 ’
97 657 289 719 piemusigitur
302 670 319 705 s
332 657 432 704 solone
450 657 538 704 eluro:
555 657 678 715 quonism
695 658 727 704 de
740 659 854 705 Homero
874 662 901 706 et

97 724 215 774 llesiodo
229 724 300 772 iuter
315 737 408 770 omnes
419 725 474 771 iere
487 724 628 783 scriptores
638 725 769 785 constitit,
789 727 901 773 aetutem

98 806 144 841 eos
154 790 240 852 egisse
249 792 294 839 rel
303 791 396 838 iisdem
406 792 462 839 iere
471 793 642 857 temporibus,
652 793 840 840 velHomeruus
849 793 900 839 uli-

98 861 197 919 puuuto
206 858 393 917 antiquiorem,
409 861 548 916 utrumque
557 861 643 905 tumen
653 862 713 905 unte
720 860 826 907 Romam
836 873 899 907 eon-

98 926 179 974 ditum
186 926 298 983 vixisse,
307 925 400 973 Silviis
409 927 492 973 Albse
501 926 677 986 regnantibus,
689 926 765 972 aunis
775 929 835 985 post
843 926 898 974 bel-

98 995 154 1042 lum
161 993 313 1056 Troianum,
328 995 359 1039 ut
368 993 473 1054 (luscinis
482 991 510 1039 in
520 991 603 1051 primo
612 993 753 1039 Annalium
763 993 794 1040 de
803 994 899 1041 Home-

97 1074 129 1109 ro
144 1063 222 1120 atque
234 1061 350 1108 Hesiodo
363 1060 485 1123 seriptum
499 1059 621 1119 reliquit,
639 1061 697 1119 plns
710 1062 813 1107 centum
822 1062 898 1118 atque

98 1129 239 1188 sexaginta
247 1128 337 1184 annis,
355 1131 415 1174 unte
425 1129 532 1174 Romam
542 1129 628 1174 sutem
637 1126 778 1187 conditam,
796 1130 826 1172 ut
836 1129 900 1173 Gor,

96 1196 185 1245 nelius
199 1198 286 1254 Nepos
301 1196 329 1241 in
342 1194 426 1253 primo
442 1194 628 1241 Chronicorum
643 1195 674 1240 de
688 1195 803 1241 Homero
821 1193 900 1248 dixit,

98 1262 174 1312 snnts
190 1263 295 1310 circiter
307 1266 409 1309 centum
427 1266 455 1308 et
469 1261 615 1320 sexaginta.
649 1264 673 1308 4.
691 1262 816 1309 Solonem
836 1273 898 1318 ergo

98 1330 259 1388 accepimus,
276 1341 400 1376 unomen
413 1328 557 1375 illonohiln'
567 1342 676 1375 numero
684 1329 843 1387 sapientum,
860 1328 898 1373 le-

99 1409 146 1457 ges
160 1395 297 1454 scripsisse
310 1395 520 1450 Atheniensium,
538 1396 681 1454 Tarquinio
697 1396 791 1442 Prisco
803 1395 898 1440 Romae

98 1464 237 1522 regnante,
256 1474 324 1508 anuo
338 1462 412 1521 regni
426 1462 484 1508 eins
494 1460 625 1507 tricesimo
638 1461 726 1509 tertio.
761 1466 789 1508 b.
804 1460 900 1509 Seruio
974 1498 977 1505 .

99 1533 186 1578 autem
204 1528 296 1576 Tullio
313 1532 452 1589 regnante,
472 1528 629 1575 Pisistratus
644 1529 752 1576 Athenis
771 1532 900 1588 tyrannus

100 1598 168 1657 fuit,
192 1597 293 1643 Solone
308 1602 368 1643 unte
383 1597 411 1642 in
429 1595 555 1644 exsilium
572 1596 750 1643 voluntarium
767 1596 898 1655 proiecto:

97 1663 221 1723 quonism
236 1664 263 1711 id
272 1663 297 1715 ei
307 1663 468 1724 prsedioenti
478 1677 534 1710 non
542 1663 667 1710 creditum
678 1667 725 1711 est.
761 1666 785 1709 6.
803 1664 897 1709 Postea

97 1732 259 1791 Pythagorei
269 1732 371 1779 Samius
386 1731 413 1776 in
421 1732 525 1778 ltslium
537 1731 619 1787 venit,
636 1730 772 1788 Tarquinii
786 1729 841 1776 tilio
855 1743 899 1775 re·

96 1813 176 1859 gnum
186 1798 328 1858 obtinente,
336 1798 378 1846 cui
387 1802 582 1857 cognomentum
592 1798 723 1856 Superbos
734 1797 794 1843 tuit.
812 1798 837 1841 l.
848 1795 899 1842 lis-

97 1868 205 1925 demqne
218 1868 378 1925 temporibus
391 1866 493 1912 occisus
509 1868 550 1911 est
558 1865 667 1911 Athenis
677 1866 709 1911 uh
719 1861 862 1910 Harmodio
872 1866 899 1909 et

98 1934 278 1993 Aristogitone
294 1933 470 1994 Hipparchus,
487 1932 619 1978 Pisistrati
633 1932 717 1991 iilius,
737 1930 848 1989 Hippiae
857 1932 899 1989 ty,-

97 2002 175 2049 renni
191 2003 284 2048 irater.
318 2003 342 2046 8.
361 1999 545 2047 Archilochum
558 2002 645 2046 antem
657 2000 747 2057 Nepos
760 1997 897 2044 cornelius

95 2069 189 2125 tradit,
208 2069 287 2116 'l'ullo
297 2067 413 2113 Hostilio
423 2069 524 2114 Romae
536 2070 675 2128 regnante,
691 2065 744 2111 ism
753 2067 807 2111 tum
816 2064 899 2112 fuisse

95 2136 227 2196 podmutis
238 2137 336 2181 clarum
352 2137 380 2180 et
393 2135 518 2181 nobilem.
554 2138 578 2180 9.
600 2132 788 2191 Ducentesimo
805 2130 898 2178 deinde

95 2207 123 2250 et
134 2202 298 2261 sexagesimo
307 2215 378 2248 enisu
387 2204 445 2260 post
454 2202 559 2248 Rom
570 2201 709 2257 conditum,
722 2202 769 2246 ant
776 2211 831 2245 non
839 2199 898 2245 loss

94 2284 127 2330 ge
140 2270 258 2330 amplius,
269 2269 354 2315 victos
363 2282 420 2315 csse
430 2270 461 2314 ab
471 2268 674 2315 Atheniensibus
684 2268 787 2325 Persas,
800 2279 898 2312 memo·

94 2337 153 2384 riae
161 2335 283 2384 traditum
294 2339 343 2393 est,
351 2348 439 2394 pugna
448 2335 498 2382 ills
506 2335 607 2394 inclyta
614 2333 789 2391 lluruthonis,
797 2332 898 2379 Miltia·

96 2405 222 2451 deduce:
239 2403 284 2462 qui
302 2407 435 2461 postcom
453 2402 592 2449 victorium
610 2404 747 2449 damnatus
765 2414 780 2447 a
798 2401 897 2460 populo

94 2470 259 2530 Atheniensi,
270 2472 297 2516 in
308 2470 418 2516 vinculis
427 2469 541 2528 puhlicis
549 2471 657 2516 mortem
666 2469 741 2516 obiit.
773 2470 812 2515 lt.
832 2469 897 2513 Tum

95 2538 239 2597 Aeschylus
248 2537 358 2584 Athenis
368 2537 559 2595 tragoediarum
569 2539 648 2595 poeta
657 2534 768 2583 celebris
778 2534 837 2582 tuit.
856 2536 897 2580 11.

95 2606 192 2652 Romae
206 2608 289 2652 autem
305 2606 385 2651 ferme
397 2605 456 2651 istis
466 2605 626 2663 temporibus
635 2604 755 2651 tribunos
763 2606 791 2649 et
799 2601 898 2650 aediles

94 2674 149 2718 tum
162 2672 270 2732 primum
285 2687 332 2733 per
346 2672 500 2720 seditionem
511 2673 562 2720 sibi
575 2673 664 2784 plebes
674 2671 786 2785 {rervm
806 2683 836 2717 ac
846 2679 900 2715 uon

630 2752 658 2785 ,r
