2067 3034
126 189 178 241 246
362 191 488 239 aum
524 192 682 239 GELLII

127 326 171 360 aua
187 310 322 369 hominum
335 313 454 370 moreni,
472 308 524 355 τῶν
533 305 598 373 πρός
609 327 633 357 τι
647 324 704 358 ease
715 310 815 360 dicunt:
834 312 862 360 id
873 328 934 361 rer-

126 385 187 429 hum
196 380 339 438 significat,
358 378 424 424 nihil
439 391 495 423 eoae
509 379 658 436 quidquam,
673 380 742 436 quod
756 394 789 426 ex
803 394 860 427 sese
871 395 935 428 cou-

127 451 187 509 atet,
207 460 256 493 nec
275 445 342 503 quod
360 445 454 491 habeat
472 445 525 491 vim
545 445 676 503 propriam
694 448 721 491 et
740 449 866 509 naturam,
886 450 936 496 aed

129 514 217 562 omnia
231 525 348 572 prorsum
361 512 395 557 ad
405 512 505 569 aliquid
516 511 624 558 reterri:
644 513 759 571 taliaque
772 515 855 560 videri
866 530 936 574 esse,

129 581 214 640 qualia
225 581 259 626 ait
270 593 358 626 eorum
369 579 483 638 species,
499 579 701 638 dumqvidentur,
716 580 854 639 qualiaque
866 584 937 641 apud

130 662 222 696 aerisue
239 649 357 706 nostroe,
376 659 426 703 quo
440 650 628 706 pervenerunt,
650 647 783 707 creantur5
803 651 936 708 oonopud

130 729 198 776 eece,
208 716 276 761 uude
287 715 402 772 profecte
413 716 481 760 eunt.
517 718 542 759 8.
562 714 625 759 Cum
638 714 702 761 haec
716 718 801 761 autem
811 718 937 764 consimi-

128 783 192 829 liter
201 784 252 827 tam
264 780 403 839 Pyrrhonii
414 781 509 838 dicant,
521 794 596 839 quam
607 780 762 842 Academici,
778 782 882 830 differre
894 788 936 832 ta.

128 863 190 896 men
204 850 274 896 iuter
288 862 345 894 neae
359 850 385 894 et
394 852 500 907 propter
510 848 564 893 alia
572 850 709 906 quaedam,
732 851 758 895 et
767 850 810 895 vel
820 851 936 899 maximo

128 918 267 975 propterea
277 914 421 963 existimati
432 917 500 977 aunt,
508 915 577 971 quod
584 915 731 961 Academici
739 915 841 973 quidem
849 918 936 976 iprum

126 984 205 1043 illud,
217 983 282 1029 nihil
292 995 369 1041 pocae
380 981 570 1040 comprehendi,
579 983 651 1038 quasi
664 984 890 1045 comprehendunt,
898 990 935 1041 et,

127 1050 196 1096 nihil
207 1064 284 1109 porte
299 1050 417 1104 decerni,
438 1049 511 1107 quari
527 1050 684 1097 decernunt:
704 1050 842 1109 Pyrrhonii
857 1067 889 1099 ne
906 1054 936 1100 id

128 1117 232 1174 quidem
245 1118 302 1163 ullo
318 1121 393 1175 pacto
409 1116 492 1163 videri
508 1129 599 1164 verum
608 1117 707 1181 dicunt,
720 1119 790 1176 quod
799 1119 865 1165 nihil
876 1133 936 1168 ease

127 1197 218 1231 rerum
228 1184 339 1230 videtur.
416 1214 419 1218 »

394 1246 583 1299 CAPUT
619 1249 673 1301 Vl.

121 1357 126 1369 ,
158 1317 225 1366 duod
232 1315 428 1415 Ἔαῐιὲονειὶῑοηιαο
434 1315 602 1372 ρενΗινιιιῐηη
610 1328 657 1358 non
666 1315 801 1368 imaum,
810 1330 880 1376 neque
888 1317 941 1364 virt

182 1386 226 1429 per
254 1384 353 1415 morem

165 1434 189 1481 1
206 1436 236 1478 ln
250 1432 384 1479 veteribus
399 1431 504 1491 scriptio
517 1445 600 1490 neque
612 1431 735 1479 mulieres
745 1434 875 1480 Romanae
888 1448 936 1492 per

129 1501 272 1547 Herculem
289 1498 419 1555 deierant‚
438 1513 522 1557 neque
537 1498 588 1545 viri
602 1512 649 1557 per
663 1500 804 1546 Castorem.
838 1502 863 1547 2.
882 1502 940 1550 Sed

131 1581 182 1622 cur,
192 1567 254 1613 illae
270 1579 321 1612 non
338 1567 483 1613 iuraverint
496 1566 648 1625 Herculem,
667 1569 805 1613 ohacurum
818 1580 872 1614 uon
881 1572 937 1615 ert:

130 1649 191 1682 nam
200 1634 348 1680 Herculano
360 1633 486 1681 sacrificio
501 1633 639 1680 abstinent.
675 1635 698 1679 3.
718 1635 769 1680 Cur
783 1637 869 1681 autem
883 1635 940 1684 viri

132 1704 267 1749 Castorem
281 1701 398 1747 iurantes
412 1714 465 1747 non
480 1698 682 1759 appellaverint,
699 1714 751 1747 nou
767 1702 846 1748 facile
861 1702 936 1749 dictu

131 1772 180 1818 eat.
215 1770 347 1826 Nunquam
365 1767 587 1826 igitur'acriptum
601 1768 721 1813 iuvenire
736 1771 776 1814 eat
790 1768 858 1828 apud
876 1769 938 1816 ido-

131 1850 197 1884 ueoo
211 1829 482 1896 quidem'scriptorea,
501 1836 547 1880 aut
560 1834 687 1882 neederclc
703 1835 825 1882 feminam
840 1835 937 1894 dicere,

131 1909 176 1950 aut
189 1909 320 1951 mecastor
338 1902 430 1949 virum.
466 1905 490 1947 4.
509 1900 625 1961 Aedepot
641 1906 740 1959 autem,
762 1903 943 1961 quodquam„

93 1977 97 1984 ’
130 1971 238 2018 randum
251 1985 298 2029 per
306 1970 440 2016 Pollucem
454 1971 507 2027 eat,
527 1972 553 2014 et
566 1971 623 2016 viro
640 1972 666 2016 et
680 1970 791 2016 feminae
801 1985 937 2019 commuue

131 2042 180 2085 cet.
214 2041 238 2084 5.
254 2037 305 2085 Sed
315 2038 436 2083 M.Varro
448 2039 590 2095 accreverat,
601 2037 795 2094 antiquissimos
805 2038 878 2085 viros
888 2052 939 2085 ne.
989 2062 992 2067 -

131 2120 181 2160 que
197 2109 242 2163 pe'r
255 2107 387 2151 Castorem
402 2118 482 2161 neque
497 2117 544 2160 per
554 2103 687 2149 Pollucem
699 2105 815 2151 deierare
824 2105 937 2164 solitos,

131 2172 179 2217 aed
188 2172 216 2217 id
227 2171 406 2218 iusiurandum
422 2169 502 2216 fuisso
518 2172 619 2216 tantum
634 2171 788 2218 feminarum
803 2185 837 2218 ex
847 2173 937 2219 lnitiie

131 2238 280 2285 Eleusiniis
288 2241 428 2297 acceptum
464 2240 487 2282 6.
506 2237 633 2284 Paulatim
643 2240 737 2296 tamen,
752 2239 857 2286 inscitia
867 2239 942 2287 anti-

48 2362 51 2367 ·
133 2304 250 2364 quitatis,
261 2306 332 2351 viror
343 2304 428 2351 dicere
438 2305 550 2363 aedepol
564 2306 696 2363 coepisae;
717 2308 862 2364 tactumque
877 2321 938 2356 ease

133 2370 172 2416 ata
186 2371 289 2417 dicendi
302 2384 410 2419 morem
431 2373 477 2419 ted
490 2379 647 2419 mecastora
662 2372 718 2419 riro
733 2373 801 2436 dici,
822 2374 937 2468 inuullo
1003 2392 1012 2400 ·

136 2441 225 2484 uetere
235 2437 350 2497 rcripto'
342 2439 465 2485 inveniri.

394 2536 580 2589 CAPUT
614 2534 687 2591 vll.

140 2600 218 2645 r'nlis
231 2601 393 2659 antiquissimis
406 2605 532 2662 relictisque
546 2606 594 2647 iam
608 2612 631 2648 et
640 2606 715 2649 desitis
724 2602 816 2651 miitime
824 2612 940 2653 vicendium.

170 2664 195 2708 l.
214 2662 307 2707 verbio
320 2662 359 2707 uti
372 2667 417 2707 aut
432 2664 509 2709 nimia
525 2666 651 2711 obsoletis
669 2667 878 2727 exculcatisque,
894 2676 942 2718 aut

136 2727 311 2775 incolentibus
329 2728 504 2789 novitatirquc
523 2732 602 2778 durae
620 2737 647 2779 et
659 2732 796 2799 illepidae,
817 2750 940 2795 parente
1031 2785 1032 2792 ,
