2067 3034
79 574 871 662 ‚urrunnuonrcrnus

372 735 603 783 CAPUTl.

117 831 255 876 Dissertatio
271 830 386 875 Fauorini
396 833 549 901 philosophi,⁸
564 846 616 901 qum
618 833 693 876 maest
700 831 776 876 notris
777 831 892 889 fssmnae

144 888 478 990 :linusbstaeiolsaeii‘isigfftmm’
493 902 542 933 seon
550 889 664 933 autricum
673 889 839 941 adhibitorum,
854 892 895 932 sesi

88 1016 259 1102 Nuntiatum
276 1057 404 1116 quondam
421 1058 461 1104 est
476 1055 611 1105 Favorino
625 1054 798 1117 philosopho,
816 1056 893 1104 nobis

54 1141 61 1156 x
88 1122 277 1183 praesentibus,
292 1138 402 1171 uxorem
412 1124 541 1173 auditoris
552 1124 739 1184 sectatorisque
750 1123 790 1170 sni
801 1124 893 1183 paulu-

80 1191 143 1238 *lum
153 1193 213 1237 ante
223 1191 336 1253 enixam,
347 1196 497 1252 auctumque
507 1207 566 1240 eum
575 1205 633 1239 esse
644 1193 706 1238 nato
716 1191 779 1238 filio.
805 1194 831 1238 2.
840 1191 894 1239 Ea·

88 1272 154 1317 mus,
165 1258 256 1316 inquit,
271 1262 296 1305 et
306 1272 458 1318 puerperam
466 1260 552 1308 visum
562 1262 589 1306 et
597 1257 666 1318 patri
675 1259 841 1318 gratulatum.
866 1260 893 1305 Is

89 1326 159 1373 euim
168 1328 223 1372 erat
234 1326 287 1373 loci
297 1327 433 1389 senatorii,
448 1342 482 1376 ex
496 1327 597 1374 familia
607 1326 747 1374 nobiliore.
783 1328 807 1374 3.
825 1327 895 1372 lmus

88 1407 149 1451 uua,
160 1393 203 1452 qui
215 1396 267 1439 tum
277 1395 421 1440 aderamus:
443 1395 626 1454 prosecutique
640 1408 699 1441 eum
707 1407 795 1441 snmus
806 1394 838 1440 od
847 1394 895 1440 do-

89 1475 171 1519 mum,
185 1474 235 1519 quo
246 1462 381 1521 pergellat3
396 1464 422 1509 et
433 1477 490 1510 cum
500 1477 532 1510 eu
543 1461 621 1508 simul
631 1461 787 1520 introgressi
798 1474 894 1510 snmus.

0 1562 1 1565 ,
88 1530 184 1575 Mum
194 1529 321 1588 inprimis
333 1529 438 1577 aedibus
449 1530 602 1589 complexus
611 1529 741 1576 hominem
751 1532 894 1588 congratu-

90 1596 210 1656 latusque
221 1596 331 1656 assedit;
351 1599 428 1656 atque
437 1598 481 1644 ubi
491 1600 659 1657 percontatus
669 1600 718 1657 est,
729 1610 805 1655 quam
813 1596 895 1644 diuti-

88 1678 150 1711 num
160 1663 325 1723 puerperium
335 1665 361 1710 et
370 1677 445 1721 qnam
453 1664 582 1713 laboriosi
594 1664 675 1712 nixus
686 1663 805 1727 fuissent,
819 1664 894 1723 puel-

87 1732 190 1789 lamque
205 1733 332 1779 defessam
348 1731 438 1779 labore
453 1746 485 1780 ae
497 1732 591 1791 vigilia
611 1745 727 1779 somnum
741 1744 834 1791 capere
848 1745 892 1778 eo·

88 1799 193 1859 gnovit3
216 1798 327 1847 fabulari
341 1797 455 1846 institnit
469 1799 614 1859 prolixius:
633 1802 672 1846 et:
692 1799 780 1862 Nihil,
800 1797 893 1858 inquit,

88 1866 192 1929 dubito,
208 1867 271 1925 quin
287 1866 368 1913 filium
377 1867 444 1914 laete
455 1882 502 1915 suo
513 1868 644 1915 nutritura
654 1867 697 1914 sit.
732 1870 757 1913 5.
776 1865 827 1912 Sed
839 1879 894 1911 oum

87 1937 171 1981 mater
180 1934 298 1993 puellae,
312 1935 468 1993 parcendum
478 1949 536 1983 esse
547 1933 580 1995 ei,
597 1933 707 1994 (liceret,
723 1931 894 1981 adhibendas-

88 2015 138 2060 que
149 2015 230 2061 pnero
239 2001 368 2059 nutrices,
382 2016 415 2048 ne
427 2003 459 2049 ad
469 2003 588 2062 dolores,
604 2015 669 2058 quos
678 2000 706 2047 in
716 1999 840 2047 enitendo
851 2004 893 2044 tu-

88 2069 173 2124 lisset,
190 2083 282 2116 munus
292 2083 392 2126 quoqne
407 2069 594 2117 nutrirationis
604 2082 683 2129 grave
695 2082 726 2115 ao
736 2066 841 2115 difficile
852 2080 895 2114 ae·

89 2129 205 2183 cederet:
217 2137 269 2183 Oro
282 2139 315 2193 te,
326 2136 419 2197 inquit,
429 2137 532 2197 mulier,
543 2138 599 2184 sine
610 2151 667 2184 eam
675 2139 758 2183 totam
767 2134 894 2195 integram

89 2216 148 2250 esse
162 2207 269 2250 matrem
284 2204 332 2250 filii
346 2205 395 2251 sui.
430 2206 453 2250 6.
473 2205 549 2261 Quod
559 2207 599 2251 est
609 2203 677 2250 enim
687 2203 738 2250 hoe
748 2185 918 2251 contram!

86 2276 173 2318 turam
187 2271 364 2331 imperfectum
376 2273 452 2330 atque
461 2271 624 2318 dimidiatum
633 2270 724 2318 matris
732 2284 829 2331 genus,
848 2283 894 2328 pe·

87 2338 202 2399 perisse,
219 2339 349 2386 aestatim
364 2341 394 2386 ab
411 2353 468 2386 sese
483 2339 626 2387 abiecisses
661 2339 761 2386 aluisse
775 2339 803 2386 in
815 2340 893 2385 utero

87 2406 459 2468 sanguinesuonescioquid‚
480 2407 737 2466 quodnourisleret:
756 2420 811 2454 non
821 2405 894 2453 alere

86 2486 157 2520 nune
167 2487 214 2520 suo
225 2474 302 2532 laete,
309 2476 378 2533 qnod
387 2474 491 2522 videat
483 2489 536 2522 ram
546 2474 745 2533 viventem,1am
753 2473 893 2532 hominem,

83 2539 140 2588 sam
150 2541 239 2588 matris
250 2542 333 2589 officia
343 2539 546 2602 implorantem?
579 2546 604 2590 ἵ.
623 2546 665 2590 An
678 2541 861 2603 tuqnoque,
853 2555 895 2587 sn-

86 2609 159 2668 qnit,
178 2611 267 2671 putas,
285 2612 402 2657 naturam
418 2611 523 2658 feminis
542 2625 706 2658 mammarum
722 2612 803 2659 ubera
821 2607 894 2667 quasi

87 2677 214 2734 quosdam
223 2678 349 2723 naevulos
359 2680 533 2737 venustiores,
548 2693 601 2726 non
610 2678 723 2726 liberum
732 2677 894 2731 alendorum,

88 2743 135 2791 sed
145 2745 253 2792 ornandi
265 2745 378 2798 pectoris
393 2759 470 2795 eausa
480 2747 597 2795 dedisses
631 2751 656 2793 8.
676 2747 719 2794 Sis
731 2746 813 2800 enim,
826 2742 893 2801 quod
