2067 3034
310 215 391 267 ura.
411 219 477 268 xx.
513 219 602 266 cae.
620 221 644 270 a.
662 222 686 265 ι.
818 277 820 280 ,
846 216 899 270 453

18 343 19 348 ’
95 341 159 396 tare,
172 342 198 385 et
207 338 336 386 tubicines
346 338 421 384 tuba:
440 337 503 395 quid
511 337 674 384 istuc'aatem
684 336 726 395 sit,
737 338 805 396 quod
815 340 899 387 sitici.

18 409 20 420 ’
93 419 141 452 aes
157 409 272 465 cantant,
291 405 372 452 homo
384 406 513 464 ingenuae
529 405 648 451 veritatis
662 405 728 451 scire
743 418 801 453 sese
811 411 898 467 negat.

94 475 119 520 3.
138 474 192 519 Nos
211 481 295 519 autem
313 473 340 518 in
356 471 491 530 Capitonis
505 472 576 517 Attei
590 471 771 518 Coniectaneis
792 472 898 522 niseni.

17 529 19 552 ¹
93 551 159 597 mus,
166 532 283 586 siticines
293 541 449 598 appellatos,
457 539 499 598 qui
511 538 585 597 opud
592 541 657 585 sitos
666 553 762 586 cunm
771 540 846 590 solia
855 554 899 588 es·
965 543 971 556 ¹

16 660 19 668 Ι
93 608 160 663 sent,
171 606 224 654 hoc
234 610 285 667 est,
302 608 356 653 vita
365 609 468 653 functos
480 609 505 652 et
515 607 646 663 sepultos:
665 617 762 664 eosque
777 605 898 656 habuisse

15 681 19 720 Γ
93 673 228 733 proprium
239 687 320 732 genus
330 676 420 729 tubae,
435 676 630 734 pervenerant,
647 686 662 719 a
673 674 817 721 ceterorum
827 677 896 722 taln-

15 735 16 754 ³
93 739 179 786 einum
190 736 375 804 [proprietate]
387 741 517 787 differens.

356 873 543 924 CAPUT
578 874 636 924 ΙΙΙ.

120 939 193 988 Quam
207 940 235 983 oh
245 953 337 983 causam
350 940 377 984 L.
387 940 464 984 Accius
472 945 548 996 poeta
559 940 584 983 in
592 938 762 996 Pragmaticis,
776 938 893 988 sicinni-

148 1002 209 1039 stas
222 998 329 1040 nebuloso
344 996 433 1039 nornine
447 1011 499 1048 esse,
516 997 609 1041 ιΙίιιιίι.
701 1051 704 1058 .
846 1019 847 1022 =

125 1074 149 1118 1.
161 1073 233 1127 Quos
244 1076 376 1120 οἱοίιιέιιαι
386 1073 478 1132 vulgus
490 1073 610 1134 dicit,qui
620 1073 718 1121 rectius
731 1072 814 1120 locuti
823 1078 892 1130 sunt,

88 1141 252 1201 sicinnistas,
274 1140 354 1189 litera
369 1142 396 1187 N
407 1140 523 1200 gemina,
543 1142 674 1188 dixerunt.
708 1145 733 1190 2.
753 1143 893 1190 sicensium

88 1207 159 1254 euim
173 1221 254 1266 genus
271 1209 367 1256 veteris
382 1207 531 1255 saltationis
546 1208 605 1255 tuit.
641 1207 793 1255 Saltabundi
808 1211 892 1254 autem

88 1275 223 1334 canebant,
235 1289 299 1332 quae
309 1289 378 1321 nunc
387 1279 487 1322 stantes
498 1279 602 1323 canunt.
619 1313 621 1316 .
632 1278 655 1321 3.
670 1275 763 1322 Posuit
773 1274 823 1320 hoc
833 1288 892 1321 ver·

88 1340 149 1386 bum
158 1342 187 1387 L.
197 1342 285 1387 Attius
295 1344 375 1400 poeta
385 1343 413 1389 ia
425 1342 607 1403 Pragmaticis,
626 1343 804 1401 appellarique
814 1344 891 1390 sicin·

87 1409 176 1455 nictus
194 1408 232 1454 ait
245 1410 366 1460 nebuloso
382 1410 496 1455 nomine:
515 1410 592 1457 credo
610 1413 747 1468 propterea
761 1410 890 1470 nebuloso,

90 1474 160 1531 quod
170 1476 304 1523 sisinnium
315 1488 360 1525 cur
370 1475 510 1537 dicaretur,
523 1472 574 1538 [ei]
585 1478 720 1524 obscurum
729 1479 806 1524 esset.
868 1501 871 1508 ·

282 1593 286 1601 '
350 1608 629 1664 caeuulv.
708 1651 710 1656 .

117 1689 243 1746 Artificem
255 1691 395 1736 scenicorum
406 1693 506 1736 studium
519 1705 661 1750 amoresque
677 1692 820 1738 ahinaam
832 1707 889 1751 pte·

32 1766 43 1787 s
123 1767 126 1778 =
145 1748 277 1846 caesamque
286 1762 345 1792 essa.-
360 1754 382 1792 et
392 1762 460 1806 super
471 1762 499 1793 ιιι
508 1763 532 1792 rc
542 1750 611 1791 οινὶαι
618 1748 749 1794 Aristotelis
755 1748 893 1805 philosophi

62 1847 64 1850 .
145 1817 161 1846 ιι
176 1804 271 1860 scripta.

124 1882 148 1927 1.
167 1881 311 1928 Comoedos
321 1881 464 1940 quispiam,
480 1885 506 1929 et
514 1881 667 1940 tragoedos,
684 1884 710 1926 et
720 1880 840 1934 tibicines
851 1879 890 1925 di-

88 1962 134 1994 ves
145 1949 306 2005 adolescens,
317 1950 398 1995 Tauri
408 1949 558 2007 philosophi
572 1948 722 2005 discipulus,
735 1946 835 1994 liberos
844 1947 891 1992 ho-

87 2006 170 2061 mines
185 2015 211 2060 in
224 2015 326 2063 deliciis
339 2020 413 2074 atque
423 2016 452 2062 in
462 2015 656 2066 delectamentis
665 2015 783 2066 habehat.
806 2016 842 2078 ¹2.
859 2014 890 2059 ld

88 2095 170 2142 genus
190 2086 274 2129 autem
294 2085 407 2131 artifices
428 2084 526 2131 Graece
542 2083 705 2141 appellantur
725 2078 756 2130 Oi
770 2078 829 2143 napi
844 2075 891 2125 τὸν

88 2143 218 2194 Διόιοισοι
227 2152 348 2207 τεχνῖται.
383 2154 407 2197 3.
425 2150 692 2198 Eumadoleseentem
703 2150 804 2195 Taurus
818 2162 834 2194 a
847 2159 891 2196 so-

88 2214 240 2264 dalitatibus
254 2218 425 2277 convictuque
440 2218 573 2265 hominum
586 2216 750 2263 scenicorum
762 2214 889 2262 abducere

83 2284 195 2339 volens,
211 2283 286 2332 misIt
300 2285 325 2332 ei
339 2287 419 2332 verba
427 2285 490 2333 hacc
500 2299 536 2332 ex
546 2283 697 2331 Aristotelis
706 2283 777 2330 libro
787 2280 890 2336 exscri-

86 2356 144 2411 pta,
161 2350 204 2409 qui
215 2345 396 2413 Προβλήματα
406 2348 524 2413 ἐγκύκλια
535 2351 674 2409 inscriptus
685 2353 735 2407 ast,
750 2349 889 2410 iussitque,

86 2422 118 2468 ut
128 2431 159 2465 ea
168 2417 285 2476 quotidie
295 2418 437 2466 lectitaret:
455 2422 479 2466 l.
490 2410 545 2466 Διά
556 2418 584 2465 τί
592 2417 618 2463 ot
628 2414 797 2464 Aiosvotcsol
805 2408 890 2477 τεχνῖ-

84 2500 131 2532 ται
141 2477 175 2536 ὥς
185 2481 225 2531 tut
233 2479 264 2530 τὸ
275 2480 341 2532 πολὺ
351 2484 463 2549 πονηροί
471 2483 533 2532 εἰσιν
538 2505 550 2544 ,·
562 2478 647 2531 Ἧὸτι
655 2479 745 2545 ἥκιστα
755 2479 836 2547 λόγου
846 2480 889 2529 καὶ

87 2548 240 2616 φιλοσοφίαὲ
249 2552 401 2599 κοινωνοῦσι
407 2571 419 2611 ,·
433 2545 476 2598 διὰ
486 2541 517 2599 τὸ
527 2551 586 2615 περὶ
595 2546 642 2605 τὰς
651 2546 793 2615 ἇιαγιαίαξ
800 2550 889 2610 τέχνας

86 2611 213 2665 αὐτῶντὸ
225 2612 290 2666 noli
299 2619 379 2682 μέρος
389 2617 437 2666 τοῦ
437 2615 508 2696 ιβίον
519 2618 596 2665 εἶναι·
615 2618 658 2666 καὶ
668 2613 708 2668 ὅτι
719 2619 744 2664 iv
755 2611 889 2683 ἀκρασίαις

87 2680 136 2731 scis·
145 2680 225 2731 πολὺν
232 2680 330 2751 χρόνον
338 2684 416 2748 εἰσὶν,
433 2701 476 2732 οτι
488 2682 517 2733 δὲ
528 2684 554 2733 ἓν
563 2680 695 2751 ἀπορίαις·
712 2680 849 2751 ιῖμφόιερο
859 2679 888 2732 tl

87 2744 247 2818 φαυλότητος
258 2748 491 2822 παρασκιυασιιιιιὲ.
