2067 3034
139 162 190 214 204
395 162 504 209 ‚situl
531 157 712 209 GEbnll‘

137 284 183 341 tis,
194 284 240 330 sed
250 281 323 341 puris
333 278 501 338 honestisque
515 279 603 327 verbis
618 280 792 326 venerandum
806 278 873 327 illud
883 294 947 327 con.

139 351 208 398 cubii
219 350 308 410 pudici
319 352 448 395 secretum
457 347 587 394 neminem
597 360 739 404 quenquam
747 347 828 393 alium
837 347 946 396 dixisse.

139 422 165 465 5.
185 419 237 465 Sed
247 419 370 464 Annaeus
381 416 522 475 Cornutus,
532 414 608 459 homo
620 427 682 460 sane
692 414 818 472 pleraque
829 415 883 460 elia
892 429 948 463 non

140 485 261 532 indoctus
275 496 358 541 neque
372 481 532 539 imprudens,
553 481 580 526 in
591 477 703 526 secundo
714 485 800 527 tamen
810 482 947 541 librorum,

142 566 207 610 quos
223 552 260 597 Dc
270 549 376 609 Figuris
386 548 581 595 Sententiarum
596 548 749 605 composuit,
765 548 895 607 egregiam
906 554 948 597 to·

141 619 196 666 tius
211 618 288 664 istius
304 616 475 663 verecundiae
486 615 589 661 leudem
604 614 705 661 insulsa
719 615 796 660 nimis
813 620 839 662 et
853 617 948 664 odiosa

141 685 302 733 scrutatione
312 682 432 729 violarit.
451 685 476 727 6.
487 683 553 728 Nam
564 695 620 728 cum
630 694 709 740 genus
719 682 768 727 boc
778 684 873 741 figurae
884 698 947 743 pro.

141 754 237 811 basset,
254 754 280 799 et
289 749 354 797 satis
363 750 547 807 circumspecte
559 750 642 795 lectos
653 762 709 794 esse
719 762 809 794 versus
820 750 946 800 dixisset:

141 819 361 875 membratamen,
371 815 464 875 inquit,
474 817 554 875 paulo
566 815 697 862 incautius
706 817 859 862 nominavit.

406 937 594 989 CAPUT
629 934 681 987 Xl.

191 1008 227 1053 De
240 1006 332 1051 t'aterb
345 1002 455 1049 Coruino.-
473 1011 496 1049 et
505 1008 567 1048 uado
573 1002 667 1046 Corvini
675 1003 708 1048 sit
716 1012 897 1059 cognomentum

179 1086 202 1130 l.
220 1084 259 1130 lle
268 1085 358 1130 Marco
367 1081 484 1138 Valerio,
498 1081 542 1139 qui
555 1081 683 1127 Corvinus
693 1082 839 1139 appellatos
849 1084 899 1139 est,
914 1086 947 1129 ob
1031 1079 1033 1082 ’

143 1151 274 1200 auxilium
293 1149 576 1208 propugnationemque
593 1148 665 1195 corvi
683 1148 770 1203 alitis,
789 1148 857 1194 bsud
874 1149 947 1206 quis-

143 1233 218 1277 quam
229 1220 269 1263 est
279 1217 407 1262 nobilium
417 1215 582 1275 scriptorum,
593 1215 637 1272 qui
649 1228 723 1261 secus
733 1213 839 1261 dixerit
868 1219 891 1261 2.
907 1217 948 1264 Ea

142 1300 193 1344 res,
204 1296 309 1343 prorsus
320 1283 479 1338 admirande,
490 1282 529 1329 sic
538 1284 656 1341 prolecto
672 1284 711 1327 est
721 1281 832 1328 inlibris
844 1284 946 1329 annali-

142 1356 190 1401 bus
199 1353 351 1397 memorata:
374 1354 397 1397 3.
409 1349 570 1396 Adolescens
581 1349 627 1395 tsli
638 1362 732 1407 genere
743 1349 836 1411 editus,
851 1349 881 1397 Ι..
891 1350 946 1397 Fu-

141 1422 197 1481 rio,
217 1417 327 1463 Claudio
343 1417 426 1476 Appio
446 1416 609 1471 consulibus,
629 1417 657 1461 lit
673 1416 793 1462 tribunus
812 1416 946 1476 militaris.

143 1490 168 1534 4.
187 1486 272 1543 Atque
282 1483 308 1529 in
320 1498 352 1531 eo
363 1488 478 1542 tempore
489 1483 718 1542 copiaeGallorum
728 1483 847 1543 ingentes
857 1497 948 1543 agrum

143 1552 309 1610 Pomptinum
322 1550 487 1598 insederunt:
505 1551 751 1608 instruebanturque
765 1551 834 1598 acies
849 1564 865 1597 s
884 1567 948 1598 con-

144 1619 257 1676 sulibus,
278 1617 310 1663 de
328 1618 356 1665 vi
370 1632 400 1665 ac
414 1618 582 1664 multitudiue
596 1617 709 1664 bostium
723 1617 786 1663 satis
801 1619 946 1677 agentibus.

145 1692 169 1735 5.
178 1687 239 1733 Dux
249 1687 350 1732 interea
362 1686 505 1741 Gallorum,
516 1690 591 1733 vasta
602 1689 627 1731 et
638 1685 719 1732 urdos
727 1686 894 1744 proceritate,
904 1700 948 1732 ar.

144 1754 244 1812 unisque
254 1766 318 1799 auro
329 1753 564 1812 praefulgentibus,
579 1752 688 1811 grandis
697 1753 847 1812 ingrediens
857 1757 884 1798 et
892 1763 948 1800 ma'-

144 1836 180 1872 nu
195 1821 274 1868 telum
288 1820 454 1879 reciprocans
469 1820 617 1867 incedebat:
636 1833 731 1878 perque
746 1824 902 1867 contemtum
921 1825 950 1868 et

145 1888 291 1947 superbiam
302 1886 522 1946 circumspiciens,
540 1887 734 1945 despiciensque
746 1887 840 1946 omnis,
854 1888 948 1934 venire

143 1956 217 2012 iubet
229 1959 256 2002 et
266 1953 403 2014 congredi,
423 1953 518 2012 siquis
533 1968 646 2013 pugnare
662 1969 748 2001 secum
761 1967 794 2000 ex
809 1954 880 2000 omni
895 1958 949 2002 Ro·

143 2035 220 2071 muno
231 2022 350 2070 exercitu
360 2021 475 2069 auderet
511 2026 535 2069 a.
554 2023 619 2067 Tum
629 2021 750 2067 Valerius
760 2024 888 2081 tribunus,
905 2037 949 2068 ce·

144 2090 209 2136 teris
221 2088 289 2135 inter
297 2091 392 2136 metum
402 2089 576 2146 pudoremque
587 2088 864 2147 ambiguis,impetrsto
874 2089 949 2147 prius

145 2170 162 2203 a
171 2157 334 2217 consulibus,
349 2155 416 2201 utin
428 2155 541 2212 Gallum,
555 2159 606 2201 tam
617 2154 765 2202 immaniter
774 2159 949 2219 arrogantem,

146 2236 260 2282 pugnare
271 2237 327 2269 sese
338 2223 529 2281 permitterent,
543 2222 711 2288 progreditur
719 2222 848 2280 intrepide
857 2223 950 2269 mode-

146 2294 236 2345 stoque
247 2290 361 2336 obviam:
381 2294 408 2336 et
418 2290 628 2350 congrediuntur,
638 2292 665 2335 et
675 2290 832 2348 consistunt3
848 2295 875 2336 et
885 2303 950 2337 con·

147 2358 299 2403 serebantur
310 2356 361 2402 ism
373 2368 476 2401 manus:
494 2360 572 2413 atque
582 2356 618 2403 ibi
627 2357 668 2402 vis
678 2357 803 2413 quaedem
813 2357 902 2403 divina
912 2360 951 2405 tit.

149 2425 173 2468 i.
192 2424 291 2469 Corvus
308 2427 416 2481 repento
425 2423 583 2481 improvisus
593 2424 711 2480 advolat,
726 2426 839 2483 etsuper
849 2425 954 2484 galeam

149 2488 247 2535 tribuni
256 2489 364 2543 insistit,
379 2491 454 2545 atque
468 2486 553 2554 [inde]
566 2490 594 2536 in
606 2491 748 2537 adversarii
759 2505 789 2537 os
799 2494 876 2550 atque
887 2505 954 2539 ocu·

149 2558 189 2602 tos
200 2568 313 2614 pugnare
324 2553 424 2615 incipit,
436 2555 563 2611 insibilat,
574 2559 706 2617 obturbat,
722 2562 748 2604 et
760 2560 887 2618 unguibus
897 2572 955 2606 me·

152 2637 209 2669 uum
219 2621 342 2681 lanisbst,
354 2623 380 2666 ct
389 2626 551 2679 prospectum
563 2625 612 2670 alis
624 2626 739 2684 arcebat;
759 2632 843 2684 atque,
852 2627 897 2673 ubi
909 2640 954 2673 sa-

147 2691 183 2740 tis
193 2688 331 2751 saevierat,
341 2687 477 2735 revolabat
487 2689 515 2736 in
526 2691 626 2748 galeam
638 2692 744 2740 tribuni.
775 2700 799 2741 8.
814 2695 858 2742 Sic
868 2693 953 2741 tribu-
