2067 3034
143 107 196 157 212
394 102 503 154 sum
539 101 697 149 GEthl

145 222 318 274 doctissimus.
352 222 379 270 2.
393 222 417 266 Is
425 219 509 268 libros
518 218 635 277 reliquit,
646 230 711 275 quos
722 218 905 267 Studiosorum
915 221 959 267 in·

145 292 266 351 scripsit,
283 288 354 337 haud
366 287 466 335 medius
479 286 558 333 fidius
571 299 751 344 usquequaque
766 290 956 347 aspernandos.

147 364 171 409 3.
188 362 220 406 ln
234 358 276 405 his
290 355 366 404 libris
378 355 461 404 multa
474 353 548 401 varie
563 354 597 399 ad
610 354 777 400 oblectandas
792 356 958 403 eruditorum

146 425 366 476 hominumsures
380 422 465 482 ponit,
499 423 525 467 4.
543 422 633 468 Refert
646 420 724 467 etiam
738 421 878 480 plerasque
893 437 958 469 sen-

146 494 257 556 tentias,
277 505 341 551 quas
354 490 383 538 in
396 487 572 542 declamandis
583 488 769 556 controversiis
779 489 867 547 lepide
877 503 959 549 argu-

147 563 225 620 teque
240 559 322 607 dictas
336 558 418 618 putat.
455 560 479 603 5.
498 556 582 603 Sicuti
596 556 662 602 hanc
677 568 778 613 quoque
797 558 958 605 sententiam

148 628 224 692 pouit
233 640 269 674 ex
275 623 454 673 huiuscemodi
462 623 653 670 controversia:
675 622 814 684 Virforts'r
823 626 958 686 praemio,

148 697 218 759 quod
226 695 369 754 optaverit,
379 692 498 739 donetur.
535 690 827 753 Qus’furtiterfeeerut,
834 694 906 751 petit
914 694 958 740 al-

148 765 230 811 terius
245 774 357 809 uxorem
371 763 398 806 in
414 759 615 816 matrtnwm’uns,
636 764 663 804 et
672 761 782 817 aceepit.
817 761 846 806 Is
855 759 957 821 deinde,

148 832 193 879 cua·
207 844 240 877 ea
261 843 331 878 uxor
339 827 451 889 fuerat,
468 825 585 887 former
593 826 674 886 feeit.
715 825 820 884 Repetit
837 827 956 874 eandem.

149 898 356 947 Contrudr'eitur.
392 896 416 941 6.
434 893 586 951 Eleganter,
595 891 725 949 inquitet
735 893 908 950 probabiliter
919 906 957 943 ex

148 968 223 1026 parte
233 959 386 1023 posterioris
396 961 449 1008 viri
458 959 545 1015 fortis,
554 973 663 1005 uxorem
675 959 723 1006 sibi
734 960 807 1006 reddi
816 962 958 1019 postulan-

149 1032 196 1090 tis,
217 1032 267 1078 hoc
282 1030 378 1075 dictum
395 1030 446 1075 est:
466 1027 497 1073 Si
506 1029 601 1086 placet
615 1027 673 1086 lex,
688 1027 780 1072 redde:
799 1032 825 1076 ει·
833 1043 884 1075 non
891 1030 958 1089 pla.

150 1107 200 1157 eet,
209 1097 295 1145 redde.
318 1098 343 1141 7.
357 1095 436 1154 Fugit
445 1095 532 1140 autem
541 1093 663 1149 Plinium,
674 1095 859 1142 sententiolam
868 1097 958 1154 istam,

150 1181 225 1227 quam
234 1163 336 1224 putavit
345 1175 403 1209 esse
414 1160 617 1220 argutissimum,
632 1161 699 1207 vitio
709 1176 762 1208 non
772 1177 869 1220 carere,
885 1165 958 1222 quod

150 1239 250 1285 Graece
265 1225 433 1291 ἄντιστρέφον
447 1229 551 1275 dicitur.
585 1228 621 1275 Et
636 1230 676 1274 est
689 1229 781 1278 vitium
791 1230 956 1293 insidiosum,

150 1305 179 1346 et
192 1301 238 1347 sub
255 1298 323 1345 falsa
332 1294 461 1343 lemmatis
475 1295 562 1354 specie
576 1295 676 1355 latens3
694 1296 779 1343 nihilo
789 1298 860 1344 enim
868 1299 956 1347 minus

151 1364 270 1415 converti
280 1378 315 1413 ex
326 1363 458 1411 contrario
468 1363 495 1410 id
509 1363 593 1421 ipsum
602 1364 726 1410 adversus
738 1365 845 1412 eundem
854 1371 957 1424 potest:

151 1437 228 1491 utque
238 1432 276 1479 ita
285 1444 301 1477 a
310 1430 398 1490 priore
408 1428 457 1476 illo
468 1430 526 1477 viro
538 1431 601 1477 torti
612 1428 676 1477 diei:
696 1432 728 1478 ss·
732 1433 825 1491 placet
833 1434 888 1491 lex,
906 1448 957 1481 non

150 1500 247 1547 reddo:
264 1502 290 1548 si
297 1513 348 1547 uon
353 1498 454 1561 placet,
466 1511 517 1547 nos
527 1497 613 1546 reddo,

370 1703 737 1731 *-

255 1867 845 1936 LIBERDECIMUS.

430 2023 620 2076 CAPUT
656 2025 678 2076 L

182 2105 349 2156 Terttsmne
362 2108 471 2158 consul,
492 2122 524 2150 an
540 2109 642 2160 tertio,
659 2109 707 2153 dici
719 2114 844 2166 oporteut;
857 2116 883 2153 et
900 2125 957 2168 quo·

207 2177 264 2208 sum
272 2167 339 2209 modo
351 2162 412 2219 [Gru]
421 2161 555 2221 Pompeius,
576 2178 627 2207 cum
635 2165 660 2207 in
669 2167 772 2217 theatro,
786 2169 908 2233 quoderat
918 2173 957 2212 de·

209 2221 339 2270 dicaturus,
355 2219 452 2262 tonores
460 2234 511 2263 suos
522 2220 687 2275 [inlacriberet,
702 2228 857 2279 quaertscmm
867 2225 955 2281 euripi·

210 2282 256 2319 tem
264 2275 328 2319 r'ata'us
337 2273 401 2318 verbi
410 2278 436 2319 de
445 2275 539 2319 comitio
552 2275 664 2319 Ciceronis
673 2278 790 2323 vitaverit.

154 2334 307 2418 Familiari
326 2382 384 2415 meo
404 2366 519 2428 cuipiam
539 2370 631 2417 literas
645 2371 755 2419 Athenis
770 2375 876 2421 Rumam
889 2376 959 2422 misi.

156 2440 182 2483 2.
200 2436 229 2481 111
243 2434 278 2481 iis
293 2435 416 2493 scriptum
430 2435 493 2497 fuit,
511 2451 553 2483 me
564 2438 607 2483 illi
623 2438 672 2485 iam
689 2444 795 2487 tertium
814 2442 958 2501 scripsisse.

157 2505 182 2550 3.
200 2504 225 2548 Is
235 2501 268 2547 ad
277 2514 318 2548 me
327 2501 474 2564 rescripsit,
488 2504 644 2564 petivitque,
659 2508 688 2552 ut
697 2506 827 2557 rationem
837 2509 958 2568 dicerem,

158 2583 204 2618 eur
213 2570 326 2624 teritum,
336 2579 366 2613 ac
375 2581 428 2614 non
438 2574 516 2617 tertio
528 2571 697 2630 scripsissem.
733 2575 762 2620 ld
773 2575 853 2622 etiam
861 2576 959 2623 adscri-

155 2637 218 2699 psit,
235 2636 265 2682 ut
278 2634 374 2694 eadem,
393 2635 454 2696 quid
467 2650 545 2696 super
559 2638 609 2686 illo
624 2653 726 2700 quoque
740 2641 803 2688 mihi
817 2642 958 2701 videretur,
996 2683 998 2686 .
