2067 3034
139 205 195 260 134
394 201 502 283 anat
537 203 699 256 GELLll

396 355 582 408 cnPUT
620 353 693 406 xli.

140 489 143 498 ,
159 437 162 443 ‘
191 440 224 483 De
233 438 359 483 nominibus
366 437 460 483 deonna
465 438 550 495 populi
558 437 663 481 Romani
672 434 761 482 Diiovi&
768 443 792 479 et
804 434 898 480 refovet.

163 536 203 582 ¹l.
223 536 252 579 ln
268 532 381 592 antiquie
397 533 571 592 spretionibus
587 532 694 591 nomina
705 531 769 578 haec
785 531 891 576 deorum
905 529 945 576 in·

144 613 203 647 aare
218 600 458 646 animadvertimus:
477 602 582 645 Biiooia
601 603 627 644 et
642 600 754 646 Veiente.
789 602 814 643 2.
832 597 881 643 Eat
899 611 945 644 au·

144 672 197 712 tem
210 668 287 713 etium
302 667 378 712 aedes
392 667 501 712 Veiovia
515 667 611 712 Romae
624 666 693 712 inter
707 678 791 711 arcem
804 667 830 710 et
839 664 944 722 Capito·

142 734 217 784 lium.
252 736 275 780 3.
293 733 391 780 Eorum
399 733 533 780 nominum
541 732 669 779 rationem
679 746 736 778 erae
746 732 811 777 hanc
822 731 943 788 comperi.

143 797 168 846 4.
178 802 263 847 Iovem
273 800 359 847 Latini
370 806 470 848 vetarer
480 811 497 846 a
507 801 618 847 iurando
629 787 808 858 appellavere:
822 799 944 843 eundern-

88 912 90 917 .
143 881 192 924 que
212 868 266 913 alio
286 868 413 916 vocabulo
434 868 524 916 iuncto
540 876 646 927 patrem
666 866 797 912 dixerunt.
832 868 857 910 5.
876 865 941 912 Nam

141 933 212 991 quod
226 936 278 990 eat,
296 934 371 980 elisia
386 938 431 981 aut
444 935 584 982 immutatis
598 933 747 991 quiburdam
761 931 855 990 literis,
875 933 942 990 Iup·

140 1004 225 1059 μίαν,
243 1000 271 1045 id
289 1001 394 1058 plenum
411 1004 486 1059 atqtre
506 1002 635 1060 integrum
653 1003 693 1045 eat
704 1001 862 1058 lovirpater.
897 999 942 1045 Sic

141 1070 168 1114 et
182 1069 396 1127 Neptunuspater
410 1069 546 1114 coniuncte
562 1068 646 1115 dictus
656 1069 704 1128 eat,
720 1069 747 1112 et
760 1067 942 1125 Saturnuspn-

142 1136 407 1194 ter‚et1anuapater,
418 1138 444 1180 et
452 1137 607 1194 Marrpater
619 1132 681 1196 (hoc
692 1134 760 1180 enim
773 1136 813 1179 eat
821 1135 945 1191 Marapi.

142 1203 196 1256 ter)
207 1201 267 1246 item
280 1202 350 1247 lovia
362 1204 498 1261 Diespiter
507 1203 662 1260 appellatura,
677 1200 703 1245 id
713 1203 761 1259 eat,
777 1200 828 1246 diei
839 1199 941 1247 eiluein

141 1272 224 1327 pater.
260 1270 283 1313 d.
303 1268 542 1327 ldcireoqneaimili
557 1269 661 1315 nomine
678 1270 779 1314 Diioaia
795 1267 878 1312 dictur
892 1271 941 1328 ert,

142 1339 169 1385 et
183 1334 318 1394 Lueatinr;
336 1334 404 1393 quod
417 1349 467 1381 noa
483 1336 524 1381 die
540 1342 566 1381 et
576 1337 634 1382 luce
645 1335 719 1393 quasi
729 1334 783 1381 vita
792 1334 849 1391 ipra
858 1335 944 1380 adice·
959 1351 961 1354 ¹

140 1404 183 1452 ret
192 1400 341 1447 et‘iuraret.
376 1404 410 1448 'is
419 1402 551 1450 Duratium
566 1405 649 1449 autem
665 1403 752 1449 Ionem
765 1403 811 1446 Cn.
826 1400 943 1446 Naevina

141 1467 171 1518 in
181 1468 257 1514 libris
267 1468 331 1515 belli
341 1469 432 1528 Punioi
441 1471 565 1528 appellat.
601 1473 625 1516 8.
646 1471 706 1514 Cum
721 1471 809 1514 lovem
823 1466 903 1526 igitur
916 1471 945 1513 et

50 1531 53 1536 ⁴
141 1534 263 1581 Diiovem
282 1548 299 1584 a
315 1535 428 1582 iuvando
446 1538 635 1583 nominassent:
657 1551 715 1583 euna
734 1549 834 1592 quoqne
852 1537 947 1581 contra

144 1602 227 1659 deum,
242 1603 285 1660 qui
296 1616 347 1651 non
360 1603 466 1651 iuvandi
477 1606 640 1662 potestatem,
655 1603 701 1649 aed
712 1602 763 1648 vim
773 1602 885 1647 nocendi
894 1601 943 1647 ha-

140 1668 221 1722 beret,
242 1666 314 1731 (nam
326 1671 388 1716 deon
399 1672 532 1729 quondam,
551 1675 580 1717 ut
591 1671 750 1730 prodessent,
769 1670 945 1724 celebrabant,

112 1743 115 1749 “
141 1735 278 1794 quondam,
296 1740 367 1783 utne
378 1737 511 1798 alienent,
522 1734 681 1798 placabant)
696 1739 814 1783 Veioaem
826 1735 948 1794 appella-

43 1812 46 1818 ’
139 1805 245 1862 verunt,
260 1804 345 1851 demta
355 1807 431 1862 atque
444 1806 560 1851 detracta
571 1805 677 1851 iurandi
689 1805 822 1851 facultate.
858 1808 881 1848 9.
904 1803 929 1847 V
929 1817 947 1848 a

111 1865 114 1885 ²
142 1868 211 1915 anim
223 1871 359 1932 particula,
372 1885 438 1929 quae
450 1872 477 1918 in
487 1872 547 1918 aliia
557 1874 634 1931 atque
645 1872 705 1919 aliia
715 1869 849 1917 vocabulis
858 1869 947 1927 varia,

76 1948 81 1956 ·
139 1939 196 1984 mm
205 1950 251 1994 per
260 1938 306 1984 haa
318 1938 380 1985 duaa
391 1939 496 1997 literas,
510 1943 564 1985 tum
573 1953 591 1984 α
601 1938 770 1985 literamedia
780 1937 893 1983 immissa
903 1936 947 1982 di·-

141 2002 217 2058 τίων,
227 2005 353 2062 duplicem
363 2006 534 2064 significatum
544 2006 700 2063 eundemque
711 2005 778 2051 inter
790 2017 846 2050 aeae
857 2004 948 2050 diver·

141 2082 198 2115 aum
207 2071 283 2128 capit.
304 2075 341 2118 lo.
354 2074 418 2119 Nam
430 2076 457 2119 et
470 2074 603 2131 augendae
616 2073 656 2119 rei
667 2075 693 2119 et
700 2071 853 2118 minuendae
862 2071 946 2127 valet,

140 2135 208 2182 deut
217 2137 285 2185 aliae
296 2138 444 2199 particulae
451 2140 591 2198 plurimae;
608 2139 790 2197 propterquod
801 2137 904 2194 accidit,
914 2142 949 2186 nt
975 2189 978 2194 ,

141 2204 265 2259 quaedam
283 2206 420 2264 vocabula,
441 2207 533 2266 quibua
552 2207 679 2265 particula
694 2208 744 2252 ista
763 2205 945 2264 praeponitur,

139 2268 333 2330 ambiguam,
352 2276 377 2319 et
388 2276 600 2331 utroqueversum
615 2273 746 2322 dieantur:
764 2287 877 2328 oeream,
896 2287 947 2320 ae-

139 2334 240 2380 hemena
256 2341 283 2383 et
296 2340 439 2399 vegrande3
459 2340 491 2386 de
506 2341 599 2398 quibua
613 2341 667 2398 alio
682 2341 796 2399 intono,
818 2339 945 2386 uberiora

140 2404 251 2447 uacmtu
265 2405 349 2460 facto,
367 2406 558 2455 admonuimus:
576 2410 667 2454 verani
679 2410 765 2454 autern
778 2410 804 2452 et
818 2410 945 2454 necarem
1032 2407 1033 2414 ’

140 2477 240 2516 exona
253 2472 351 2520 tanturn
365 2476 437 2528 parte
453 2469 549 2536 [dicti}‚
565 2488 630 2532 qnae
645 2474 774 2532 privativa
791 2476 842 2529 eat,
865 2486 953 2530 quarn-

141 2535 233 2588 (iraoqi
249 2533 399 2596 στερητικὸν
407 2532 502 2600 μόριον
512 2541 609 2586 dieunt.
646 2544 686 2587 ll.
705 2541 876 2587 Simulacrum
891 2539 951 2598 ἰείη,

140 2605 182 2645 tur
194 2599 235 2646 dei
251 2601 361 2660 Veianio,
377 2605 445 2659 quod
455 2609 495 2651 eat
504 2606 531 2651 in
542 2607 613 2666 aede,
628 2606 659 2652 de
670 2621 721 2665 qua
731 2619 809 2664 supra
819 2606 886 2661 dixi,
902 2620 947 2653 aa·

138 2666 218 2723 gittoa
233 2671 313 2727 tenet,
333 2682 398 2726 quae
413 2673 473 2716 runt
488 2672 610 2719 videlicet
624 2676 729 2730 paratae
744 2673 947 2732 aduocandum.

140 2735 179 2777 12.
199 2733 364 2794 Quapropter
378 2749 436 2782 eum
452 2738 525 2785 deum
539 2740 657 2799 plerique
670 2739 818 2801 Apollinem
831 2752 889 2787 ease
905 2739 948 2787 di·
