2067 3034
316 155 397 205 mu.
416 156 510 204 X'VH.
546 157 636 204 GAP.
654 158 678 202 ἵ.
849 152 902 206 381

354 294 636 381 caruuvrr

129 411 206 457 Verba
225 409 282 455 haec
299 428 328 457 ea·
346 413 429 457 Atinia
448 416 508 469 lege.-
538 414 556 461 Q
566 412 638 455 UOD
662 410 681 456 S
688 410 903 454 UBREPTUM

153 467 639 519 ERIP,E1USRE1AETERNA
653 469 674 510 A
684 466 903 514 UCTORITAS

153 524 177 568 Ε
182 523 200 568 S
208 525 263 575 Tu,
283 526 309 569 Ρ.
320 527 414 581 Nigidio
425 533 449 569 et
459 527 483 574 Q·
493 525 617 569 scaevolae
626 526 677 568 visa
685 538 729 570 me
736 538 783 568 nou
792 525 865 570 minus
875 529 903 568 da

150 581 283 638 praeterito
287 581 367 639 flesto,
378 597 447 640 quam
456 581 572 639 defletum
583 581 676 625 cavisse.

134 675 159 721 l.
176 675 254 734 Legis
269 676 367 724 veteris
375 675 480 723 Atiniae
494 679 574 723 verba
590 678 662 723 sunt:
688 677 795 730 QUOD
814 677 859 723 St]
868 678 901 721 B-

98 742 260 788 REPTUM
288 743 396 801 Ε’ΒΙΤ,
423 743 511 790 Erus
539 745 607 790 RE!
629 744 816 790 AETERNA
838 746 901 789 Au-

100 810 295 857 cauturus
323 810 432 857 Esau.
467 812 493 856 2.
513 811 578 865 Quia
598 811 670 857 aliud
690 813 764 868 putet
782 810 811 855 in
829 809 901 856 hisee

100 876 202 932 verbis,
223 890 297 933 quam
314 878 344 923 de
359 880 474 935 tempore
488 881 586 923 tantum
601 880 689 924 tuturo
703 877 787 935 legem
804 876 902 936 loqui}

100 946 125 990 3.
137 944 188 991 Sed
198 945 228 999 Q.
240 945 366 990 Scaevola
375 949 473 1002 patrem
483 958 558 990 suum
568 949 593 991 et
604 946 708 991 Brutum
720 947 746 990 et
754 944 901 1002 Manilium,

98 1011 171 1059 viros
182 1011 296 1070 apprime
305 1012 405 1066 doctos,
415 1011 548 1069 quaesisse
559 1012 595 1058 ait
605 1012 792 1069 dubitasseque,
800 1016 901 1058 utrum-

98 1091 133 1126 ne
144 1078 171 1124 in
180 1082 257 1137 post·
264 1081 332 1126 tacta
341 1078 418 1125 modo
429 1081 498 1125 turta
508 1080 554 1125 lex
564 1080 672 1138 valeret,
689 1093 722 1124 an
731 1079 808 1124 etiam
818 1077 845 1123 in
856 1092 902 1135 ιιι,

98 1148 236 1195 te-iaetai
251 1140 255 1148 ’
271 1147 391 1205 quoniam
415 1147 523 1199 QUOD
545 1147 779 1192 SUBREPTUM
797 1145 901 1203 ΕΒΙΤ,

97 1216 234 1273 utrumque
244 1216 343 1273 tempus
355 1214 485 1260 rideretur
494 1214 643 1271 ostendere,
661 1217 712 1259 tam
723 1212 903 1271 praeteritum,

98 1295 175 1342 quam
186 1283 308 1329 futurum.
343 1286 367 1328 4.
385 1283 473 1338 ltaque
488 1283 517 1327 P.
526 1281 660 1339 Nigidius,
681 1279 795 1327 civitatis
806 1281 903 1336 Roma5
992 1277 995 1282 ’

98 1361 149 1397 nae
160 1348 333 1406 doctissimus,
347 1362 423 1406 super
433 1348 594 1394 dubitatione
604 1349 651 1402 hae
662 1362 750 1394 eorum
761 1346 864 1404 scripsit
873 1346 902 1391 in

100 1418 192 1473 quarto
208 1415 332 1462 vicesimo
344 1415 589 1461 Commentariorum
601 1414 841 1468 Grammaticorum:
861 1417 901 1458 at-

100 1496 150 1540 que
161 1482 216 1540 ipse
227 1495 328 1539 quoque
339 1481 406 1527 idem
415 1484 501 1543 putat,
520 1482 645 1527 incertam
655 1495 711 1527 esse
722 1480 846 1538 temporis
856 1480 901 1534 de-¹

100 1550 313 1598 monstrationem
323 1563 330 1607 3
341 1549 528 1609 5.sedanguste
536 1563 657 1608 perquam
668 1550 806 1595 etobsoure
818 1547 901 1598 disse,

99 1617 149 1677 rit,
168 1620 198 1664 ut
213 1617 288 1675 signa
299 1630 384 1662 rerum
398 1631 496 1675 ponere
508 1617 599 1663 videas
614 1616 646 1660 ad
660 1615 801 1673 subuidium
817 1613 900 1672 magis

100 1684 240 1748 memoriae
251 1697 320 1742 suae,
332 1680 448 1742 quam'ad
458 1684 598 1743 legentium
609 1683 780 1742 disciplinam
810 1685 834 1728 6.
853 1681 901 1726 Vi-

102 1752 210 1802 debatur
225 1754 311 1798 tamen
324 1751 373 1797 hoe
387 1751 485 1798 dicere:
502 1754 778 1810 remunerantem,
797 1749 901 1808 quando

100 1834 148 1881 per
158 1833 215 1868 sese
226 1821 371 1878 ponuntur,
386 1819 481 1865 habent
491 1822 567 1876 atque
577 1819 692 1864 retinent
702 1821 801 1876 tempus
811 1830 901 1875 anunm

101 1900 160 1935 eum
173 1900 234 1933 vero
251 1885 391 1945 praeterito
402 1887 554 1946 iunguntur,
576 1886 627 1931 vim
639 1885 762 1943 temporis
773 1884 815 1929 sui
826 1883 904 1939 amit-

100 1957 169 2013 tunt,
185 1954 247 2001 etin
257 1953 424 2012 praeteritum
434 1954 599 2001 eontendrmt.
635 1954 660 1998 t.
680 1954 741 1999 Cum
750 1952 819 1999 enim
830 1950 903 2004 dieo}

99 2024 128 2072 ἔνι
141 2037 231 2081 εαιηρο
247 2026 298 2077 eat,
317 2024 343 2067 ia
358 2023 532 2080 comittunt,
544 2023 644 2078 tempus
653 2019 753 2067 instans
767 2017 901 2077 significo:

5 2091 6 2094 ’
99 2090 164 2138 item
174 2103 230 2136 eum
241 2089 311 2135 dieo:
329 2090 355 2134 in
365 2103 458 2147 caesapo
472 2090 543 2147 erit5
559 2089 659 2145 tempus
670 2088 784 2133 futurum
796 2085 902 2132 demon-

101 2161 170 2204 stro:
190 2160 216 2202 at
226 2171 282 2203 eum
292 2154 363 2203 dico:
375 2155 540 2217 factumest,
551 2159 677 2213 scriptum
687 2160 735 2210 sat,
750 2153 902 2213 subreptum

100 2230 140 2276 est
145 2243 157 2280 ,-
176 2237 319 2282 quanquam
329 2228 368 2270 ert
378 2225 482 2282 uerbum
492 2223 617 2280 temporis
628 2222 662 2267 ait
672 2221 825 2280 praesentis,
837 2233 902 2266 eona

101 2291 219 2339 funditur
230 2294 315 2336 tamen
327 2303 383 2336 aum
393 2290 547 2348 praeterito,
562 2292 588 2335 et
598 2302 720 2346 praesens
731 2301 787 2334 esse
798 2286 901 2334 desinit.

101 2362 126 2405 8.
137 2358 180 2405 Sic
189 2359 276 2417 igitur,
289 2357 379 2416 iuquit,
390 2357 468 2403 etiam
477 2357 556 2422 iptud,
567 2356 636 2413 quod
645 2356 674 2401 io
685 2357 742 2414 iege
751 2357 805 2413 est3
826 2355 849 2401 si
859 2354 901 2401 ‹tt-

99 2425 174 2472 vidas
184 2438 338 2484 separesque
349 2425 399 2470 duo
410 2426 488 2471 verba
500 2424 578 2470 haec:
594 2426 742 2482 subreptum
752 2428 778 2468 et
788 2425 853 2481 erit,
871 2424 903 2468 ut

99 2505 139 2539 are
151 2493 241 2539 audias
249 2493 407 2550 subreptum,
418 2496 550 2549 tanquam:
569 2499 700 2537 certamen
710 2493 769 2547 erit,
780 2494 835 2536 aut:
853 2502 904 2542 ⁸07

100 2555 226 2616 orificium
240 2563 304 2619 erit,
323 2562 376 2605 tum
387 2559 515 2605 videbitur
525 2559 569 2604 lex
582 2558 608 2603 in
618 2559 805 2616 post-futurum
815 2555 902 2613 loqui;

101 2626 197 2673 sivero
210 2627 328 2685 copulate
339 2626 515 2685 permixteque
528 2626 622 2674 dietum
633 2625 781 2684 intelligas,
800 2628 829 2671 ut
842 2625 903 2674 sum

101 2699 204 2756 reptant
213 2697 327 2742 ers'tnon
337 2695 401 2758 duo,
420 2694 555 2742 sedunum
565 2697 669 2740 verbum
680 2693 727 2755 sit,
741 2693 817 2752 idque
830 2690 904 2738 unita
