2067 3034
298 98 379 147 ΗΒ.
402 96 488 144 1111.
526 97 615 145 CAP.
638 98 681 145 24.
843 95 896 147 305

325 282 511 335 CAPUT
546 282 665 336 XXIV.
749 285 752 290 '

119 365 250 416 Quaesitum
260 371 437 424 tractatumque,
447 368 503 425 quid
514 367 562 411 tint
574 366 739 412 manubiae:
758 373 825 426 atque
837 368 895 412 iuriis

146 422 210 467 dicta
225 426 338 481 quaedem
350 424 478 468 iteratione
486 425 566 469 utendi
577 424 650 468 uubis
660 423 776 481 putribus,
794 424 854 468 idem
863 425 893 469 si·

144 478 317 536 gm'ficmtrtm.

125 559 148 603 l.
166 558 197 602 ln
212 555 325 614 fastigiis
341 555 395 604 fori
408 556 518 604 Traiani
532 555 671 605 simulacra
686 559 747 605 sunt
760 557 823 619 sita,
843 559 894 608 cir-

87 639 148 672 cum
156 623 270 680 undique
280 623 414 685 inaurata,
434 638 558 682 equorum
567 629 644 683 atque
654 626 787 685 signorum
797 626 895 674 milita·

85 693 169 750 rium3
181 690 402 750 subscriptumque
413 696 466 738 est:
475 693 531 739 EX
546 694 751 740 MANUBllS.
769 698 794 740 2.
807 695 894 747 Quae·

85 761 163 806 rebat
172 759 327 818 Favorinus,
343 774 400 805 cum
408 759 437 805 in
447 760 508 806 area
518 758 571 806 fori
581 760 732 820 ambularet,
748 763 775 807 et
784 761 895 809 amicum

88 840 167 875 suum
176 827 309 873 consulem
318 825 490 885 opperiretur,
502 840 592 874 causac
603 841 650 885 pro
661 828 785 875 tribunali
796 841 895 887 cugno-
985 859 990 868 ·

81 896 219 957 'scente-m,
237 907 337 952 noeque
352 897 483 941 tnueeum
492 897 661 941 sectaremur:
681 891 835 956 Quaerebat,
854 896 896 942 in·
964 909 973 930 0

88 975 175 1021 qnam,
186 962 249 1020 quid
259 961 335 1008 vobis
345 962 478 1008 videretur
486 961 632 1020 significare
643 963 748 1021 proprie
757 963 895 1011 manubia-

87 1044 148 1077 rum
157 1030 206 1076 illa
215 1029 362 1088 inscriptio.
399 1030 423 1074 3.
442 1030 508 1075 Tum
518 1028 653 1089 quispiam,
664 1029 708 1087 qui
719 1044 776 1076 cum
786 1044 817 1077 eu
828 1035 893 1089 erat,

87 1097 168 1147 homo
177 1097 206 1143 in
217 1096 311 1143 studiis
321 1095 453 1143 doctrinae
462 1097 538 1144 multi
550 1101 626 1153 atque
636 1097 759 1143 celebrati
768 1097 893 1146 numinis:

90 1164 143 1214 Eu
158 1166 333 1220 manubria,
350 1164 445 1222 inquit,
463 1160 598 1225 significat
613 1178 652 1211 ea·
665 1163 816 1223 praedem
832 1179 896 1212 mu-

89 1234 212 1281 nactae
230 1235 296 1279 caim
310 1233 432 1278 dicuntur
443 1234 560 1292 praeda,
581 1245 648 1292 quae
663 1246 741 1278 manu
753 1238 835 1291 capta
846 1240 893 1280 est.

89 1305 116 1348 4.
134 1299 260 1355 Etiamsi,
278 1299 364 1357 inquit
377 1299 538 1356 Favorinus,
558 1311 638 1357 opera
653 1300 716 1345 mihi
731 1298 853 1358 princeps
867 1302 895 1346 et

89 1382 171 1429 prope
181 1368 265 1414 omnis
278 1368 308 1413 in
321 1366 407 1413 literis
422 1366 620 1424 disciplinisque
630 1367 737 1413 Graecis
746 1369 830 1412 sumta
840 1371 893 1414 est:

88 1449 144 1484 nun
158 1448 239 1492 usque
254 1448 285 1481 eu
300 1438 386 1480 tamen
400 1433 550 1490 infrequens
566 1447 622 1479 snm
632 1448 724 1480 vocum
733 1434 893 1492 Latinarum,

89 1517 156 1563 qnae
174 1501 306 1550 subcisiva
326 1504 371 1548 ant
389 1501 560 1547 tumultuario
581 1500 667 1548 studio
688 1501 761 1560 oola,
779 1504 810 1547 nt
827 1501 893 1547 hane

2 1605 3 1608 =
88 1571 208 1631 ignorem
217 1569 395 1615 manubiarum
404 1567 646 1626 interpretationem
655 1567 809 1626 vulgarium,
824 1569 893 1624 quod

90 1651 150 1686 csse
159 1638 278 1684 dicantur
287 1636 423 1684 manubiae
433 1636 538 1695 praeda.
558 1637 609 1681 Sed
619 1649 725 1695 quaero,
736 1649 769 1681 au
780 1637 816 1682 Μ.
828 1636 892 1681 Tul-

87 1706 153 1762 lius,
163 1708 302 1752 verberum
312 1704 389 1750 homo
400 1703 626 1763 diligentissimus,
636 1706 663 1749 iu
673 1703 802 1759 oratione,
817 1717 892 1761 quam

89 1773 208 1821 dixitne
218 1774 278 1831 lege
288 1771 391 1831 agraria
399 1771 525 1818 Kalendis
535 1770 665 1817 Ianuariis
676 1774 767 1817 contra
776 1771 892 1829 Rullum,

88 1841 165 1889 inani
188 1842 215 1886 et
237 1840 347 1897 illepide
370 1839 546 1902 geminatione
570 1838 688 1884 iunxerit
710 1838 846 1885 manutius
865 1848 893 1883 et

85 1909 227 1970 praedam,
239 1908 324 1953 sidua
334 1907 399 1952 haee
409 1909 487 1953 verba
496 1905 565 1951 idam
574 1904 729 1964 significant,
744 1918 826 1963 neque
835 1903 893 1949 nlla

85 1990 117 2024 re
127 1977 217 2033 aliqua
227 1975 362 2023 dissident.
397 1977 420 2020 5.
439 1975 535 2032 Atque,
554 1974 583 2018 ut
596 1974 652 2017 erat
660 1971 807 2018 Favorinus
816 1984 892 2029 egre-

87 2044 133 2104 gia
148 2045 191 2089 rel
207 2043 298 2090 divina
311 2042 419 2100 quadum
432 2040 573 2098 memoria,
592 2041 670 2086 verba
685 2039 743 2096 ipsa
756 2040 792 2083 Μ.
807 2037 892 2086 Tullii

88 2111 177 2159 statim
186 2111 265 2160 dixit.
289 2113 315 2156 6.
325 2109 364 2155 Ea
372 2121 421 2155 noa
431 2107 598 2155 adscribimus
607 2106 661 2153 hie:
680 2106 823 2164 Praedam,
833 2119 891 2151 ma-

87 2181 190 2241 uuae,
203 2181 354 2237 sectionem,
369 2183 461 2223 cartre
474 2176 580 2236 denique
592 2176 636 2219 On.
646 2172 772 2233 Pompeii,
786 2172 891 2219 sedente

87 2250 264 2308 inperatore,
283 2247 422 2292 decemviri
438 2243 553 2291 vendent.
591 2240 626 2288 Et
644 2241 714 2287 inira
731 2239 821 2289 itidem
838 2239 891 2286 duc

87 2316 154 2363 haec
163 2315 241 2362 simul
250 2313 360 2360 iunctim
368 2311 454 2370 posits
464 2311 546 2358 dixit:
568 2307 740 2368 Eumeda,
758 2323 793 2355 ex
802 2321 891 2354 manu·

88 2385 152 2444 tta,
171 2397 208 2432 eu
220 2397 288 2430 usco
298 2381 447 2428 coronario.
481 2380 497 2424 '1
499 2411 506 2423 .
523 2379 561 2423 Ac
571 2373 707 2423 deinde'ad
716 2390 774 2422 cum
784 2387 892 2422 cenver-

85 2453 134 2505 tit,
147 2452 192 2510 qui
204 2448 339 2498 manubias
352 2460 410 2494 esse
424 2447 544 2506 praedam
555 2444 672 2504 dixerat3
690 2445 729 2489 et:
748 2443 892 2490 Videturnc

86 2520 152 2576 tibi,
170 2519 268 2577 inquit,
287 2519 397 2572 utroque
411 2514 438 2561 in
451 2515 512 2560 laco
526 2514 563 2559 Μ.
573 2510 665 2558 cicero
680 2511 781 2559 duobus
795 2510 892 2571 verbis,

86 2588 158 2635 idern
169 2586 297 2645 (sicutitu
306 2578 396 2646 putas)
411 2579 632 2641 significantibus,
652 2579 740 2638 inepte
754 2582 781 2626 et
796 2577 892 2637 frigide

87 2668 149 2703 esse
157 2667 231 2708 usus,
247 2652 336 2699 netuli
344 2652 405 2699 inca
416 2651 518 2712 dignus,
533 2648 605 2708 quali
615 2647 684 2709 apud
694 2646 893 2707 Ariptuphancm

123 2724 279 2768 (innisus.
661 2716 684 2761 U
