2067 3034
317 185 396 240 sis.
419 194 468 241 ιν.
503 193 595 242 css.
615 181 654 242 is.
840 192 891 241 sss

84 326 187 360 ssorcst
196 326 264 373 quoe
274 314 324 360 sios=
334 315 438 372 qouque
441 314 544 375 facilia
548 312 632 375 foetu
640 319 730 374 putot,
737 326 819 373 ueqsso
830 316 890 359 oni-

86 397 125 427 mo
135 382 248 439 occipit:
259 394 342 439 supro
351 393 384 425 eo
391 378 544 438 velatificta
551 380 694 439 profulsis
703 382 780 426 ducit.
799 382 890 426 &Pro-

86 447 184 507 posuit‚
196 447 325 514 inquiunt,
342 446 469 493 dicturum
480 460 580 506 causas,
596 450 759 503 quamobrem
772 448 891 493 videatur

87 529 145 563 esse
154 515 275 574 arduum,
289 527 332 559 res
342 518 428 571 gestas
438 514 564 561 scribere:
585 518 661 572 atque
671 514 708 559 ibi
718 528 769 559 nou
781 514 892 572 primum

87 595 205 640 causam,
220 581 266 627 sed
279 580 399 638 querelas
414 581 485 627 dicit.
520 583 546 626 4.
564 582 623 627 Non
638 581 706 626 enim
720 594 797 627 causa
807 581 892 627 videri

87 651 172 705 debet,
183 662 229 694 cur
237 647 364 693 historiae
375 660 440 705 opus
450 648 558 694 arduum
568 647 612 703 sit,
620 649 687 706 quod
698 647 728 706 ii,
739 649 780 706 qui
789 649 892 709 legunt,

87 720 134 763 aut
148 716 236 772 inique
251 715 471 773 interpretantur,
488 728 556 772 quae
571 716 667 773 scripta
680 721 751 772 suut,
772 720 817 761 aut
829 730 893 762 vera

88 797 147 830 esse
158 796 210 827 non
221 782 337 827 credunt.
361 784 385 826 5.
399 783 547 828 Obnoxiam
561 782 657 841 quippe
668 786 694 827 et
704 783 829 829 obiectam
841 785 892 828 lal-

89 852 125 898 sis
149 848 385 895 existimationibus
410 861 466 893 eam
484 862 538 895 rem
558 850 691 894 dicendam
709 850 790 907 magis
811 850 892 907 aiunt,

88 932 163 976 quam
174 917 294 972 arduom3
314 915 388 976 qnia,
403 916 474 972 quod
487 916 596 961 arduum
606 920 659 973 est,
679 916 717 961 sui
729 916 816 974 operis
827 917 893 961 diffi-

88 986 187 1032 cultate
206 986 247 1028 est
264 983 385 1044 arduum,
405 996 459 1028 non
477 982 609 1041 opinionis
628 983 729 1028 alienae
749 983 891 1030 erroribus.

89 1055 161 1099 llaec
180 1051 223 1096 illi
242 1049 362 1096 malivoli
380 1049 584 1107 reprehensores
603 1049 699 1095 dieunt.
734 1052 758 1094 6.
777 1051 828 1096 Sed
845 1065 893 1096 ar-

89 1122 166 1165 duum
173 1117 315 1164 Sallustius
323 1130 377 1164 non
387 1131 435 1175 pro
448 1116 547 1164 difficili
558 1119 664 1178 tantum,
673 1117 718 1163 sed
728 1129 775 1174 pro
786 1131 817 1163 eo
827 1130 893 1175 quo-

89 1201 139 1243 que
149 1185 235 1242 ponit,
254 1184 323 1240 quod
334 1184 428 1230 Graeci
444 1180 562 1247 δυσχερές
572 1187 618 1228 aut
622 1177 736 1242 χαλεπόν
746 1185 893 1242 appellant:

89 1255 159 1311 quod
174 1257 214 1297 est
227 1256 279 1296 tum
297 1251 414 1311 difficile,
432 1253 487 1296 tum
500 1252 635 1296 molestum
646 1264 749 1309 quoque
760 1255 786 1296 et
796 1252 894 1296 incom-

88 1321 193 1366 modum
208 1323 235 1364 et
245 1319 419 1364 intractabile.
455 1319 572 1371 Quorum
588 1321 720 1364 verborum
737 1318 896 1376 significatis

89 1402 106 1434 a
116 1385 249 1433 sententia
258 1386 379 1433 Sallnstii
389 1385 565 1445 suprascripta
574 1400 627 1432 non
639 1386 769 1432 abhorret.

337 1517 525 1570 csPuT
561 1517 643 1571 XVI.

118 1602 154 1647 De
163 1601 280 1645 uocoh'nls's
292 1600 425 1659 quibusdam
439 1617 455 1642 o
467 1600 569 1646 Varrone
582 1610 606 1646 ct
614 1602 709 1658 Nigidio
724 1612 806 1645 contio
818 1602 893 1668 pnoei-

148 1658 213 1702 ‘liam'
220 1657 328 1700 samonis
338 1657 519 1701 consuetudinem
530 1659 665 1708 declinatis,·
680 1666 746 1717 oeque
756 1658 813 1701 isss'bi
821 1662 846 1701 ul
854 1671 893 1712 ss·

146 1728 187 1756 uus
196 1716 308 1772 qssuedom
317 1725 367 1756 cum
375 1713 482 1768 euoopls's
491 1720 591 1757 veturus
600 1718 683 1758 relato.

125 1794 149 1839 1.
168 1793 205 1836 Μ.
216 1791 359 1836 Varronem
372 1795 398 1837 et
409 1790 436 1835 P.
446 1790 593 1852 Nigidium,
613 1793 684 1838 viros
694 1790 804 1837 Romani
815 1804 894 1847 gene-

89 1860 128 1905 ris
140 1857 321 1915 doctissimos,
341 1857 511 1915 comperimus
522 1872 575 1904 non
585 1859 663 1905 aliter
673 1860 790 1904 elocutos
801 1871 858 1903 esse
868 1862 894 1901 et

90 1925 242 1983 scripsisse,
261 1937 335 1981 quam
350 1928 481 1983 senatuis,
502 1930 528 1971 et
542 1928 653 1983 dosuus's,
672 1925 832 1985 etslucluis3
850 1923 895 1980 qui

91 1998 132 2039 est
143 1993 245 2051 patrius
256 2004 337 2049 casus,
349 1995 381 2039 ab
392 2005 433 2052 eo,
442 1993 510 2049 quod
520 1996 561 2038 est
573 2000 687 2048 senatos,
699 1994 795 2046 domus,
807 1992 894 2052 etflo-

88 2068 161 2108 clus:
174 2059 249 2114 binc,
259 2061 377 2115 senatui,
388 2059 598 2119 domoi,fluclui,
610 2065 745 2117 ceteraque
756 2061 796 2105 bis
807 2058 894 2104 cousi-

89 2127 165 2174 milia
179 2126 278 2185 pariter
292 2125 400 2172 dixisse.
435 2131 461 2171 2.
480 2127 596 2174 Terentii
612 2140 713 2185 quoque
727 2126 820 2173 eosiiici
836 2140 895 2173 ses·-

40 2245 46 2258 Ι
88 2208 134 2241 sus
144 2194 171 2240 in
185 2192 260 2240 libris
271 2193 400 2239 veteribus
409 2191 499 2239 itidem
509 2195 622 2252 scriptus
633 2198 686 2240 est:

123 2262 193 2308 Eius
204 2262 290 2316 anuis,
299 2262 400 2319 opinor,
412 2275 503 2321 causo,
513 2275 580 2321 quae
591 2268 630 2307 cst
641 2268 769 2308 emortuo.
898 2310 900 2316 ,

89 2332 114 2377 3.
135 2332 211 2376 Hanc
226 2341 315 2374 eorum
330 2327 507 2373 auctoritatem
524 2328 625 2386 quidam
639 2343 654 2375 e
667 2329 798 2376 veteribus
809 2341 894 2387 gram-

88 2396 195 2443 maticis
205 2394 395 2441 ratione-etiam
404 2394 505 2440 firmare
517 2395 665 2456 voluerunt,
676 2397 743 2455 quod
753 2396 836 2442 omnis
847 2393 903 2440 da-'

89 2465 164 2511 tivus
174 2460 314 2522 singularis
325 2461 403 2507 litero
414 2461 500 2506 finitus
509 2465 529 2516 s',
540 2462 562 2507 si
573 2477 626 2509 non
636 2464 730 2510 similis
740 2466 779 2510 est
789 2461 899 2522 genitivi

67 2583 73 2594 ⁶
90 2530 254 2590 singularis,
274 2542 287 2575 s
302 2528 381 2575 litera
394 2528 481 2574 addita
494 2529 638 2586 genitivum
654 2531 812 2590 singularem
827 2528 898 2586 fecit,

35 2609 41 2626 ⁸
89 2603 136 2646 ut:
155 2597 339 2655 Potrs'putris,
350 2595 499 2653 lucislucis,
518 2599 698 2646 caedicaedls.
733 2602 757 2643 l.
776 2594 899 2652 Cumigi-

90 2671 145 2727 tur,
160 2665 291 2725 inquiunt,
307 2662 335 2709 iu
345 2675 405 2708 cusu
416 2661 491 2709 dandi
501 2662 563 2710 duic
571 2669 677 2712 cenulas·
685 2665 806 2714 dicemus.
825 2660 899 2717 geni·

89 2736 167 2782 disus
186 2747 221 2782 ex
241 2746 273 2782 eo
294 2730 435 2789 singularis
454 2735 571 2781 senatuis
590 2737 641 2788 est,
668 2738 695 2777 ot
714 2746 765 2777 nou
783 2731 907 2777 seusatus-‚¹⁴
