2067 3034
167 135 220 190 llll
420 137 530 187 auur
565 136 701 185 ollam

435 252 498 305 CA
514 251 538 304 P
556 251 581 304 U
599 251 625 303 'l'
660 250 714 304 lv.

197 318 348 389 stpmolrssa
365 324 443 364 center
461 318 585 375 repentino
603 318 685 363 timore
703 317 805 377 «μναῖς
826 332 903 377 quare
916 319 983 364 caan

203 378 565 496 lffiixottffl'lffiffim'
585 434 809 493 qail’roblemsta
817 433 940 495 Physica
947 436 982 482 ia-

168 504 330 564 scribuntur,
347 502 505 562 lepidissimi
518 505 546 550 et
560 502 747 562 elegantiam
757 516 835 549 omne
845 516 936 561 genus
946 517 981 550 re·

169 570 241 619 terti.
275 572 302 618 2.
320 573 350 617 ln
362 571 404 618 bis
419 571 535 630 quaerit,
553 583 631 629 qam
645 572 678 617 ob
688 583 794 616 eausam
804 571 933 629 eveniat,
951 576 980 629 al,

169 638 260 697 quibus
270 637 367 685 invasit
380 638 535 697 repentinus
544 638 585 684 rei
598 639 707 697 marrae
716 637 812 696 timor,
830 638 980 697 plerumque

168 706 232 753 alvo
242 705 330 752 statim
340 705 392 752 cita
401 706 471 752 aaut
505 707 530 753 3.
548 706 616 752 Itan
624 704 742 764 qaaerit,
761 718 810 751 car
820 705 945 767 aecidat,
958 707 981 752 ct

169 785 228 819 cum
235 804 243 831 ‚
260 772 307 831 qui
317 776 425 832 propter
433 773 521 832 ignens
530 771 630 818 diutius
640 771 725 828 stetit,
744 772 830 818 libido
839 774 941 821 urim
950 774 980 819 ls-

170 841 266 886 eessat.
301 842 327 886 4.
344 842 382 887 Ac
392 840 425 887 de
433 841 494 887 alvo
505 838 608 897 quidem
618 838 687 886 inter
695 838 840 887 timendum
848 843 979 898 prensat·

170 919 220 965 que
230 907 382 969 praecipiti,
401 920 505 954 eausam
517 919 575 953 esse
586 905 663 970 dicit,
682 904 750 964 quod
759 906 843 952 timor
851 908 944 955 anuis
953 908 979 953 sit

171 973 298 1034 algilicus,
308 987 384 1032 quem
394 974 441 1021 ille
451 974 570 1033 appellat
579 967 753 1036 ψυχροποιόν·
769 986 838 1031 qaae
848 975 896 1021 vis
906 976 979 1035 trigo·

170 1039 208 1088 ris
219 1041 372 1102 sanguinem
386 1042 567 1099 caldoremque
585 1054 688 1087 omnem
704 1039 736 1087 de
751 1053 853 1089 sunna
864 1042 977 1102 eorporis

172 1110 230 1155 cute
241 1112 318 1169 cogat
328 1108 433 1167 penitus
443 1110 469 1155 et
479 1109 607 1167 depellat;
628 1108 759 1165 iaciatque
770 1107 860 1169 simul,
876 1110 929 1167 uti,
943 1109 978 1168 qui

168 1175 454 1236 summasunmna
465 1189 512 1223 ore
522 1174 664 1223 decedente
673 1174 837 1234 pallescant:
859 1179 890 1223 5.
903 1179 931 1224 ls
941 1190 978 1222 aa·

169 1244 239 1300 tem,
258 1242 355 1302 iuquit,
375 1242 481 1301 sanguis
496 1243 522 1288 et
533 1241 625 1289 caldor
637 1242 666 1288 iu
675 1241 768 1289 intima
777 1246 978 1291 caactusmevet

169 1309 321 1369 plerumque
331 1310 427 1366 alvum,
435 1311 463 1356 et
473 1308 575 1355 incitat.
602 1314 627 1356 6.
641 1310 681 1357 Ile
691 1308 768 1358 urias
777 1311 874 1358 erebra
884 1325 921 1361 ex
931 1311 976 1370 igni

153 1367 156 1376 ¹
170 1376 294 1436 proximo
304 1377 381 1438 lacta,
392 1378 471 1425 verba
479 1377 545 1424 baec
554 1376 659 1437 posuitt
679 1372 716 1425 Τό
728 1373 757 1424 dl
766 1374 819 1442 πῦρ
829 1370 975 1444 impulisti

171 1437 292 1507 πεπηγᾶς,
302 1435 384 1510 οἵσπερ
396 1437 410 1490 ὁ
421 1439 494 1506 ἣλιος
504 1438 552 1506 τὴν
557 1436 645 1504 χιόνα.

201 1607 237 1655 Ec
245 1608 377 1654 Aristotelis
388 1609 451 1655 ῖίῠτίι
459 1616 569 1662 amnem,
591 1614 654 1670 qaod
660 1611 720 1656 aiva
730 1612 875 1672 aquaputta·
881 1613 977 1674 pecias

226 1665 265 1716 sit,
276 1671 300 1709 et
307 1668 370 1723 qaod
376 1680 404 1711 ea
413 1667 466 1710 nias
476 1668 598 1722 crystallus
608 1674 753 1712 coematur.

179 1795 181 1804 ‚
207 1738 230 1784 1.
249 1737 280 1782 lu
290 1735 398 1784 Tiburte
411 1750 456 1784 rus
471 1750 683 1785 concesseramus
697 1738 810 1786 bominis
824 1741 906 1791 amici
916 1742 975 1789 dici·
992 1779 999 1798 Ι

171 1803 214 1851 tls:
225 1805 309 1851 aetate
320 1804 382 1850 anui
394 1803 603 1864 flagrantissima,
616 1820 665 1864 ego
675 1809 702 1853 et
712 1806 815 1865 quidum
826 1808 877 1855 alii
887 1822 976 1868 aequa·

170 1872 211 1920 les
226 1874 252 1919 et
267 1870 411 1918 familiares
423 1871 490 1932 mei,
510 1873 677 1930 eloquentiae
688 1877 733 1920 aut
742 1874 932 1934 philosophiae
940 1890 975 1923 se·

172 1942 296 1986 ctatores.
330 1941 355 1984 2.
374 1939 438 1984 Erat
447 1938 583 1987 nobiscum
593 1940 737 1997 virbonus,
756 1954 791 1988 ex
801 1941 975 2002 Peripatetics

170 2004 320 2065 disciplina,
330 2006 396 2052 bene
407 2004 508 2065 doctus,
527 2008 554 2053 et
562 2007 715 2053 Aristotelis
724 2006 801 2054 unice
812 2009 976 2058 studiosissi-

170 2086 236 2122 mus.
272 2074 296 2120 3.
314 2073 342 2118 1s
354 2085 404 2122 ass
418 2085 510 2131 aquam
522 2074 630 2121 multam
643 2088 678 2121 ex
692 2074 777 2121 diluta
786 2074 850 2123 nive
859 2078 975 2126 bibentes

172 2141 318 2195 coercebat,
329 2139 498 2197 severiusque
508 2139 669 2200 increpabat.
689 2141 836 2189 Adhibebat
845 2145 924 2191 uobis
933 2158 975 2192 au-

169 2206 305 2255 ctoritates
315 2206 444 2253 nobilium
452 2207 621 2266 medicorum,
628 2212 655 2255 et
664 2208 811 2268 cumprimis
822 2211 975 2260 Aristotelis

170 2272 334 2333 philosophi,
352 2272 392 2319 rei
407 2274 491 2321 omnis
503 2274 632 2328 humanae
644 2275 811 2335 peritissimi:
829 2277 876 2335 qni
887 2291 975 2338 aquam

169 2340 285 2387 niualem
300 2340 417 2400 frugibus
431 2354 495 2388 sane
509 2344 537 2388 et
549 2343 686 2391 arboribus
699 2345 857 2391 foecundam
867 2345 975 2409 diceret,

172 2406 217 2452 sed
232 2406 379 2453 hominbus
394 2410 459 2464 potu
474 2408 555 2455 nimio
569 2410 730 2457 insalubrem
749 2424 821 2468 esse;
839 2415 973 2473 tabemque

171 2474 198 2516 et
211 2472 316 2518 morbos
330 2474 427 2520 sensim
441 2476 518 2532 atque
532 2476 561 2521 iu
577 2475 644 2523 diem
657 2477 765 2535 longam
776 2477 975 2527 visceribusiu·

171 2536 307 2583 seminare.
342 2543 366 2583 a.
380 2540 454 2586 llaec
462 2541 565 2600 quidem
575 2542 623 2589 ille
633 2543 666 2589 ad
675 2556 723 2590 nos
733 2545 884 2604 prudenter,
896 2551 924 2594 et
933 2550 974 2595 be·

169 2601 278 2659 crevole,
301 2603 328 2647 et
342 2604 445 2656 assidue
459 2608 604 2656 dictitabat
639 2611 690 2657 Sed
702 2622 759 2657 cum
768 2610 899 2660 bibendae
909 2614 975 2661 nivis

168 2678 251 2724 pausa
268 2667 341 2716 fleret
358 2670 441 2731 nulla,
460 2674 586 2731 promite
604 2675 763 2725 bibliotheca
776 2678 894 2742 Tiburti,
913 2694 975 2741 quas
