2067 3034
312 189 392 248 a'ru.
414 200 508 249 xvru
545 202 633 248 cnr.
656 206 680 250 s.
849 183 901 249 38⁹

97 320 130 365 ob
147 330 253 377 eamque
265 332 320 365 rem
334 318 429 365 dictum
450 333 507 366 esse
526 320 557 365 ab
573 320 685 365 Homero
701 316 804 364 αἴθοπα
820 315 901 381 oinos,

95 399 160 443 non,
170 390 200 432 ut
210 385 257 431 alii
267 388 396 446 putarent,
408 390 514 445 propter
524 386 645 433 colorem.
674 388 714 432 ll.
730 387 778 432 Est
788 387 899 448 quidem,

96 451 182 509 inquit
192 454 300 512 Taurus,
316 453 390 499 itaut
401 453 478 512 dicis3
497 467 558 500 nam
568 456 648 501 terme
658 453 790 509 convenit,
800 454 898 510 riuum,

96 520 140 566 ubi
150 522 238 578 potum
248 523 300 579 est,
320 521 466 568 calefacere
479 534 599 579 corpora.
636 523 676 567 12.
696 521 748 566 Sed
758 535 811 567 uon
822 533 898 567 secus

96 587 183 634 oleum
197 600 297 645 quoque
312 587 469 635 caloritlcum
484 592 535 633 est:
556 601 638 646 neque
655 586 779 634 minorem
795 587 849 633 vim
865 587 894 634 iu

96 654 249 712 corporibus
259 654 442 701 calefectendis
453 655 538 701 habet.
576 657 615 701 1³.
633 654 673 700 Ad
687 655 750 715 boc,
771 654 793 701 si
804 654 897 715 istaec,

94 735 160 779 quae
171 721 298 768 calidiora
307 724 374 780 suut,
391 721 520 768 difficilius
530 723 590 781 gelu
602 724 736 780 coguntur,
751 735 896 781 congruens

94 792 144 848 est,
157 791 193 849 ut,
208 801 274 847 quae
285 789 420 846 frigidiora
431 791 499 847 suot,
511 790 589 835 lacile
599 792 732 846 cogantur.
767 791 809 835 14.
828 791 895 836 Aeo·

94 858 149 902 tum
170 859 255 902 autem
268 856 380 902 omniurn
394 855 506 902 maxime
522 855 690 915 frigorificum
707 858 758 900 est:
777 858 853 913 atque
869 854 896 901 iti

92 935 223 980 nunquam
233 925 318 970 tamen
329 923 480 970 concrescit.
516 925 556 969 15.
574 924 642 969 Num
652 921 733 981 igitur
740 923 822 981 magis
833 936 897 969 cuu-

92 1002 123 1036 sa
137 991 196 1037 oleo
214 990 316 1049 coaguli
331 990 467 1037 celerioris
484 990 512 1036 iu
532 990 655 1036 laevitate
672 990 728 1035 esti
761 990 896 1036 Faciliora

92 1057 163 1104 enim
176 1057 209 1104 sd
226 1058 367 1104 coeundum
382 1057 442 1103 ideo
454 1056 573 1103 videntur
580 1088 588 1113 ,
608 1069 673 1113 quac
685 1055 830 1103 laeratiora
840 1057 895 1103 lee-

90 1124 217 1183 rioraque
228 1128 296 1171 suut.
333 1127 371 1171 16.
390 1125 529 1171 Praeterea
544 1124 571 1169 iu
586 1137 687 1181 ‹puoque
701 1124 738 1170 cit
753 1124 843 1181 quaeri
854 1122 895 1169 ffi-

91 1205 185 1252 guum,
204 1205 251 1239 cur
266 1191 403 1238 fluviorum
418 1194 444 1239 et
459 1192 569 1238 sontium
585 1204 664 1247 aquae
684 1192 744 1251 gelu
761 1191 895 1248 durentur,

90 1272 164 1305 mare
175 1272 251 1305 omne
260 1258 452 1318 incongelabile
463 1258 513 1305 siti
549 1257 663 1305 Tametsi
673 1258 835 1314 Herodotus,
853 1257 896 1303 iu·
943 1309 946 1316 .

92 1326 162 1383 quit,
175 1325 302 1372 historiae
313 1327 438 1384 scriptor,
452 1327 543 1373 contre
552 1326 663 1373 omnium
675 1328 763 1384 ferme,
779 1324 822 1383 qui
831 1325 896 1371 baec

92 1392 291 1451 quaesiverunt,
314 1392 475 1452 opinionem,
489 1392 602 1451 scribit,
629 1406 699 1439 mare
717 1392 895 1450 Bosporicum,

93 1459 164 1516 quod
184 1458 346 1505 Cimmerium
365 1460 520 1517 appellatur,
540 1473 676 1516 eorumque
696 1459 807 1517 partium
823 1473 895 1506 mare

94 1539 179 1584 omne,
186 1526 255 1584 quod
265 1525 412 1585 Scythicum
422 1525 527 1585 dicitur,
535 1526 594 1584 gelu
605 1525 697 1584 stringi
708 1530 734 1572 ct
744 1526 894 1573 consistere.
941 1533 944 1566 t

94 1593 137 1639 Π.
154 1594 220 1640 Dum
233 1593 296 1640 hacc
311 1595 424 1654 Taurus,
444 1593 544 1639 interos
558 1607 622 1652 puer
632 1596 738 1640 venerat
747 1597 772 1640 et
782 1595 837 1640 olla
848 1594 894 1640 ‹le-

93 1661 238 1709 terbuerat:
257 1664 407 1723 tempusque
417 1674 474 1708 esse
484 1664 605 1719 coeperat
615 1661 707 1708 eleusii
717 1664 743 1707 et
751 1661 862 1709 tacendi.

353 1792 539 1845 GA'PUT
574 1791 629 1844 lX.

121 1875 156 1922 De
165 1875 225 1921 notis
235 1877 364 1928 iiterursem,
380 1891 437 1933 quoe
445 1876 470 1920 in
481 1878 503 1920 G.
516 1875 618 1919 Censoris
628 1875 730 1932 epistolis
739 1874 890 1930 reperiuntur,

150 1936 217 1990 sieque
226 1933 280 1976 aliis
289 1933 435 1976 clandestinis
449 1932 520 1975 literis
529 1947 558 1975 ιτ
567 1938 641 1975 vetere
651 1932 750 1976 historia
755 1932 849 1987 petitis:
869 1937 892 1973 ct

148 1990 205 2046 quid
210 1996 302 2045 σκυιιὶὶη
311 1990 343 2032 sit
350 1989 474 2032 Laconica.

128 2065 153 2111 1.
171 2063 243 2112 Libri
253 2069 313 2113 sunt
322 2064 489 2123 epistolarum
500 2067 527 2111 C.
540 2062 657 2112 Caesaris
668 2065 701 2110 ad
711 2065 738 2110 C.
749 2061 858 2121 Oppium
868 2059 899 2110 ct*

90 2132 199 2177 Bulbum
210 2133 369 2187 cornelium,
380 2132 424 2188 qui
434 2146 476 2178 res
487 2132 544 2178 eius
556 2132 669 2178 absentis
680 2132 811 2178 curabant.
827 2130 852 2175 2.
863 2131 895 2175 ln

91 2198 134 2245 his
148 2199 268 2257 epistolis
281 2198 432 2257 quibusdam
447 2199 474 2246 iu
484 2199 550 2245 locis
561 2198 729 2245 inueniuntur
738 2197 829 2243 literae
840 2197 895 2243 siu·

91 2266 211 2325 gulariue
222 2265 278 2314 siue
293 2265 453 2324 coagmentis
465 2266 634 2324 syllabarum,
650 2277 712 2322 quas
722 2267 750 2309 tu
761 2265 835 2321 putes
845 2277 894 2321 po-

49 2368 61 2376 .
91 2332 317 2391 sitasincondite3
336 2346 394 2379 nam
408 2336 487 2380 verba
501 2346 536 2379 ex
551 2332 591 2378 his
607 2331 692 2379 literis
710 2330 800 2377 confici
818 2330 893 2377 nulla

90 2402 209 2461 possunt.
246 2402 269 2446 3.
291 2401 355 2447 Erat
369 2402 454 2446 nutem
470 2404 625 2446 conventum
640 2395 708 2446 inte'r
722 2412 768 2444 cos
788 2396 893 2444 claude·

91 2467 187 2515 stinurn
196 2467 227 2514 de
239 2468 419 2514 commutando
429 2467 480 2512 situ
492 2467 640 2526 literarum3
654 2469 682 2513 ut
693 2467 719 2511 iu
730 2464 825 2523 scripto
835 2463 893 2523 qui-

92 2534 150 2580 slem
165 2535 218 2581 elis
233 2535 302 2581 aliae
317 2535 406 2581 locum
415 2536 441 2581 et
451 2548 544 2580 nomen
554 2537 669 2590 teneret,
687 2534 734 2580 sed
743 2534 770 2578 iu
782 2532 896 2591 legendo

90 2601 167 2649 locus
178 2601 271 2660 cuique
282 2615 343 2649 suus
354 2606 380 2648 et
390 2605 503 2661 potestas
514 2601 706 2649 restitueretur:
726 2603 751 2646 4.
768 2612 893 2659 quaenam

90 2680 154 2713 sero
166 2668 243 2716 litero
254 2683 300 2729 pro
310 2683 360 2728 qua
370 2670 531 2729 subderetur,
543 2672 602 2716 unte
613 2667 738 2730 iis,sicuti
748 2667 814 2723 dixi,
822 2679 892 2712 com-

91 2735 218 2800 plscebet,
233 2736 278 2798 qui
287 2737 352 2786 banc
362 2736 490 2786 scribendi
500 2737 625 2786 latebram
635 2738 767 2797 parebant.
803 2737 827 2779 5.
845 2733 892 2778 Est
