2067 3034
159 141 215 195 416
318 110 321 118 ¹
395 141 522 189 auor
558 139 756 188 oranti·

159 264 197 311 mi
210 260 313 320 quidem
329 260 383 307 loci
398 259 467 305 inter
484 259 666 317 grammaticos
685 259 743 306 eiua
763 260 917 318 temporiat
937 264 981 309 ael

160 330 258 379 maiore
269 329 298 375 in
308 328 395 374 literis
406 331 462 373 erat
472 326 596 373 iactantia
605 332 632 373 et
643 324 787 388 σοφιστείᾳ,
794 342 880 385 quam
892 343 981 388 opera.

161 403 188 446 2.
207 400 231 444 la
241 401 345 455 praeter
355 395 417 452 alia,
434 408 499 451 quae
509 394 615 452 arripnit
625 394 781 451 compluria,
796 396 904 441 librum
916 411 982 444 com·

161 464 264 526 potuit,
283 465 312 509 ut
321 467 375 508 tom
385 462 534 515 ridebatur,
550 475 607 507 cum
618 465 658 508 eat
668 462 763 520 edituo,
785 463 935 510 doctrinae
945 465 981 510 in-

163 534 258 591 clytae.
293 532 317 576 3.
335 530 370 574 Ei
383 530 452 575 libro
467 528 562 574 titulus
576 530 616 575 eat
631 528 746 587 ingentia
762 529 909 576 cuiusdam
924 532 980 577 ille-

163 603 256 647 cebrae
271 599 302 655 ari
317 595 465 654 legendum:
487 595 599 653 scriptun
614 595 709 654 quippe
729 598 770 642 eat
788 597 831 642 De
850 598 980 656 loquendi

162 664 335 726 Proprietate.
372 663 437 717 Quia
446 664 512 709 adeo
524 663 668 723 existimet,
687 664 762 721 loqui
774 677 803 709 ee
813 669 895 711 recte
906 669 979 723 atquc

162 732 267 793 proprie
277 743 367 790 poma,
383 729 435 775 nini
449 731 510 775 illua
521 730 626 776 Meliori
637 731 814 789 proprietates
825 733 979 790 perdidice-

162 802 214 848 ritt
242 801 267 844 l.
277 799 320 844 lix
330 811 361 843 eo
372 797 440 844 libro
451 798 515 843 haec
526 800 604 844 verba
614 801 685 843 eunt:
704 801 837 846 Matrona
848 806 904 860 eet,
916 816 979 861 quaa

163 869 242 916 armet
247 868 369 925 peperit:
388 878 455 925 qaae
464 864 814 933 eoepiaaxmatersamilr’aa:
835 870 924 914 acuti
930 883 978 925 aar,

164 948 232 997 qaae
241 936 319 980 terreat
325 934 445 992 peperit,
460 938 606 992 porcetra5
625 947 693 992 qaae
702 935 826 992 saepiae,
848 937 977 995 scropha.

165 1007 189 1050 ὖ.
203 1004 294 1047 Utrum
303 1005 388 1045 autem
398 999 447 1044 hoc
457 1000 488 1044 de
498 1002 619 1045 matrona
627 1013 658 1045 ac
668 1001 699 1045 (le
707 1001 916 1049 matrefamilias
925 1006 977 1049 Me-

164 1070 245 1116 liaaua
256 1066 445 1125 excogitaverit
455 1067 512 1124 ipae
522 1069 548 1112 et
558 1067 794 1124 coniectaverit,an
803 1070 940 1127 accipiam
949 1075 976 1116 ab

166 1137 219 1184 alio
230 1150 279 1194 quo
290 1135 393 1193 legerit,
410 1133 518 1180 hariolis
528 1136 647 1190 prolecto
658 1137 698 1181 eat
709 1147 783 1193 opor.
821 1139 848 1181 6.
868 1140 939 1184 Nam
949 1139 976 1183 ‹la

164 1208 285 1263 porcetro
299 1202 376 1247 habet
390 1213 452 1246 eane
467 1203 599 1247 auctorem
614 1201 785 1260 Pomponium
799 1203 829 1249 in
840 1205 976 1260 Atellam,

165 1285 231 1330 quae
244 1271 294 1316 hoc
308 1270 398 1314 codem
408 1268 537 1314 vocabulo
547 1268 673 1326 inreripta
683 1272 731 1315 eat.
767 1272 792 1315 t.
812 1270 868 1316 Sed
878 1276 975 1318 matro-

165 1352 224 1384 nam
234 1350 287 1383 uon
300 1350 356 1382 ease
366 1335 529 1395 appellatam,
534 1335 587 1381 nini
597 1347 663 1393 quae
674 1336 755 1382 aemcl
765 1337 882 1396 peperit,
894 1353 974 1396 neque

165 1404 401 1460 matremfamilian,
415 1402 466 1448 uiri
477 1416 544 1460 qnae
555 1403 668 1464 aaepiua,
686 1404 768 1450 nullia
779 1407 903 1456 veterum
913 1410 973 1453 acri-

165 1471 475 1533 ptorumauctoritatibua
489 1470 636 1516 confirmari
652 1472 748 1529 potest.
784 1474 809 1521 8.
828 1469 972 1520 Enimvero

165 1541 234 1587 illud
244 1539 373 1598 impendio
385 1537 546 1597 probabilius
556 1539 605 1597 eat,
620 1538 689 1594 quod
699 1538 788 1584 idonei
798 1552 899 1587 vocum
909 1542 973 1589 anti·

166 1620 273 1667 quarum
284 1610 447 1653 enarratorea
457 1605 634 1664 tradiderunt,
653 1609 798 1653 matronam
807 1608 908 1654 dictam
918 1622 972 1657 eme

165 1674 285 1736 proprie,
313 1674 418 1729 quaein
433 1672 626 1720 matrimonium
645 1687 701 1718 enm
718 1673 776 1720 viro
796 1677 973 1734 convenisset,

166 1741 251 1802 quoad
261 1742 288 1787 in
303 1755 334 1787 eo
348 1741 513 1787 matrimonio
529 1742 658 1800 maneret,
679 1740 781 1787 etiamai
797 1737 873 1805 [eibi]
895 1743 973 1791 libari

165 1810 280 1857 nondum
294 1808 348 1855 nati
363 1810 460 1855 forent:
481 1808 625 1865 dictamque
639 1820 696 1854 eoae
711 1808 749 1854 ita
758 1822 773 1854 a
783 1809 878 1855 matria
889 1812 972 1858 nomi·

164 1893 212 1937 ne,
230 1890 284 1924 uon
297 1877 391 1933 adepto
406 1875 471 1934 iam,
491 1875 537 1921 aed
552 1889 609 1921 com
624 1888 668 1932 ape
680 1879 707 1921 et
716 1874 802 1922 omine
810 1890 877 1925 mox
889 1879 974 1937 adipi·

166 1945 267 1993 acontii:
278 1944 346 1990 uncle
356 1944 439 2002 ipsum
447 1956 548 2000 quoque
558 1942 747 1990 matrimonium
759 1943 869 2002 dicitur3
891 1950 973 1992 ωηο·

165 2018 231 2061 trem
242 2015 327 2058 autem
338 2010 451 2057 familiae
461 2010 619 2067 appellatam
629 2023 686 2057 aeae
696 2024 753 2057 eam
763 2010 857 2068 oolam,
867 2026 936 2068 quae
947 2013 972 2062 iu

165 2080 253 2128 mariti
264 2093 340 2126 manu
350 2077 540 2135 araucipioque‚
551 2080 596 2123 aut
607 2076 634 2122 in
644 2077 710 2132 eiua,
721 2078 750 2124 in
761 2077 835 2124 cuiue
848 2081 973 2139 maritus,

163 2162 244 2197 manu
254 2147 433 2205 mancipioque
450 2147 532 2190 earet:
543 2144 665 2202 quoniam
675 2158 728 2191 non
738 2144 766 2191 in
777 2146 973 2198 matrimonium

164 2217 274 2270 tantum,
285 2215 336 2261 aed.
341 2214 368 2259 in
379 2212 504 2259 familiam
515 2225 619 2269 quoque
629 2212 726 2271 mariti,
738 2220 765 2257 et
776 2213 804 2258 in
814 2214 857 2264 aui
867 2215 972 2262 heredia

102 2277 106 2290 “
164 2283 253 2332 locum
262 2282 385 2329 venieaet.

420 2359 604 2412 CAPUT
639 2358 709 2411 Vll.

195 2427 263 2475 Quem
277 2426 302 2470 ia
316 2429 407 2470 modam
415 2427 547 2470 Favorinus
558 2427 695 2470 tractaverit
708 2425 894 2483 intempestivum
903 2441 971 2487 qram-

222 2485 276 2525 ‹lam
291 2484 449 2525 denariorum
463 2483 653 2536 ambiguitatibus
666 2490 823 2540 quaerentem:
842 2491 912 2542 atqua
930 2486 970 2536 iti,

221 2542 277 2593 pant
285 2537 465 2591 significationes
476 2541 558 2594 capiat
569 2540 674 2581 concta.

201 2613 224 2659 1.
241 2612 371 2668 Domitio,
390 2611 488 2658 homini
501 2613 592 2670 docto,
613 2614 760 2672 celebrique
775 2613 804 2661 in
813 2618 880 2662 urbe
889 2618 971 2664 Roma

165 2678 340 2740 grammatico,
350 2677 393 2723 cui
403 2683 603 2736 cognomentum
613 2682 708 2727 lnaano
721 2684 817 2730 factm
827 2686 877 2743 eat,
888 2697 970 2741 quun-
