2067 3034
178 135 213 185 28
431 138 538 185 AULl
574 137 730 186 GEbhu

179 257 220 302 12.
239 257 303 303 ltem
313 254 342 302 in
352 255 406 302 alio
416 255 484 302 libro
500 251 606 318 [nonolz

216 324 254 370 Ta
264 324 330 370 malti
345 325 469 369 nemmem
475 330 552 381 potes
564 337 614 368 uno
626 336 753 382 quaerere
764 330 878 371 centum.-

181 391 223 438 1³.
240 391 309 438 Milli
315 391 424 449 possitne
435 389 504 434 dixit
516 402 564 447 pro
581 390 650 457 mitte
660 391 797 451 passibus,
813 394 840 438 et
853 404 903 438 ano
917 393 987 438 milla·
1030 398 1032 407 ’

181 459 306 504 nrtnnmim
314 457 501 514 prounismille
510 458 631 514 noemmin·
642 459 781 514 aperteque
793 458 906 504 ostendit
911 459 985 518 mille

183 527 210 570 et
222 524 378 570 vocabulum
395 535 465 577 esse,
485 525 511 568 et
520 521 647 580 singulari
662 537 773 569 numero
786 524 852 585 clici,
874 525 984 582 eiusque

182 588 341 650 plurativum
352 602 410 635 esse
420 591 511 650 millia,
520 592 547 634 et
557 603 642 635 casum
649 590 726 635 etiam
733 603 825 648 capere
832 591 984 637 ablativum.

171 660 225 704 .14.
247 658 336 712 Neque
351 658 452 702 ceteros
466 669 540 702 casus
550 656 648 712 requiri
663 659 778 714 oportet,
793 671 850 702 cum
864 658 916 704 sint
930 656 987 703 alia

182 724 305 783 pleraque
316 723 523 782 vocabula,quae
534 723 561 767 in
571 723 689 780 singulos
698 724 799 768 tantum
809 737 892 781 casus,
903 737 986 781 quae-

183 789 343 847 demetiam,
362 789 468 845 quaein
482 790 584 835 nullum
601 788 767 835 inclinentur.
804 791 844 836 15.
864 791 987 848 Quapro-

183 860 241 916 pter
258 856 324 901 nihil
339 855 390 901 iam
405 856 570 912 dubiumst,
589 854 650 912 quin
659 858 695 900 M.
708 856 797 901 Cicero
812 855 840 901 in
854 856 985 913 oratione,

184 937 258 982 quam
270 922 375 980 scripsit
381 937 431 981 pro
447 923 555 979 Milone,
571 921 608 967 ita
624 922 746 980 scriptum
759 921 905 980 reliquerit:
915 923 986 970 Ante

177 992 290 1056 fundum
301 989 398 1045 Clodii,
409 1004 456 1049 quo
467 991 494 1034 in
499 989 584 1050 fundo
591 1020 600 1042 ,
608 996 722 1048 propter
730 990 839 1036 insanas
848 990 910 1038 illes
922 991 986 1037 aab·

184 1058 350 1112 atructa'ones,
356 1057 444 1119 facile
450 1058 518 1103 mille
525 1057 651 1102 bantinum
657 1057 815 1102 versabatur
824 1058 986 1118 valentium

184 1138 238 1172 non
248 1125 430 1181 versabantur,
444 1123 533 1181 quod
526 1138 554 1169 m
563 1122 640 1169 libris
652 1123 738 1174 minus
748 1125 868 1170 accurate
878 1123 985 1182 scriptis

185 1193 236 1238 est:
251 1191 304 1236 alia
318 1189 387 1236 enim
399 1190 502 1237 ratione
514 1191 584 1238 mille
597 1185 745 1254 bominumb
757 1190 811 1238 alia
821 1190 985 1239 milleium?

183 1253 249 1322 nem]
261 1257 395 1305 dicendum
405 1259 452 1304 est.

423 1406 607 1460 CAPUT
643 1407 744 1462 XVII.

213 1508 304 1558 Quanta
314 1508 444 1552 mmammi
451 1508 566 1566 aequttate
574 1507 821 1553 toleraveritSocretes
829 1507 908 1553 neoris
917 1508 983 1563 inge·

238 1564 301 1607 ntum
315 1564 472 1608 intractabile.-
492 1572 560 1630 atque
574 1565 641 1614 inibi,
656 1565 752 1622 quirin!
765 1565 984 1644 Varrut'nquadqm

233 1625 314 1675 satyra
324 1623 350 1664 de
360 1619 435 1677 officio
446 1621 529 1664 mariti
536 1621 659 1677 scripserit.

217 1713 240 1759 l
260 1711 407 1774 Xanthippe
417 1716 531 1762 Socratis
541 1715 689 1774 philosophi
702 1729 772 1763 uxor
781 1726 884 1762 morosa
892 1715 983 1761 admo-

183 1778 242 1825 dum
260 1780 341 1827 tuisse
355 1783 437 1829 fertur
452 1785 479 1830 et
491 1783 620 1841 iurgiosa:
647 1783 792 1840 irarumque
807 1784 832 1828 et
847 1781 983 1831 molesti&
1031 1794 1032 1817 ³

181 1860 240 1894 rum
262 1848 424 1896 muliebrium
447 1864 491 1909 per
510 1850 577 1896 diem
599 1864 694 1908 perque
713 1853 815 1897 noctem
838 1848 980 1905 satagebat.

158 1908 162 1929 ⁸
181 1918 206 1960 2.
223 1914 345 1961 Hessius
359 1914 525 1975 intemperies
541 1918 569 1963 in
578 1917 697 1963 maritum
711 1916 859 1963 Alcibiades
869 1915 981 1962 demira-
1031 1914 1032 1917 ’

180 1985 231 2042 tus,
242 1982 415 2041 interrogavit
426 1985 566 2041 Socratem,
577 1998 702 2041 quaenam
711 1984 778 2031 ratio
788 1985 914 2041 esset,cur
923 1996 980 2035 mu,-

179 2048 272 2095 lierem
287 2051 338 2096 tarn
351 2053 467 2098 acerbam
481 2053 556 2098 domo
566 2066 620 2098 uon
631 2052 760 2110 exigeret.
796 2051 819 2097 3.
840 2048 980 2105 Quoniam,

178 2114 264 2172 inquit
274 2118 402 2174 Socrates,
419 2132 474 2164 cum
484 2119 555 2165 illam
567 2119 635 2166 domi
645 2120 722 2165 talem
731 2118 876 2179 perpetior,
890 2115 980 2163 insue-

179 2195 223 2230 sco
235 2183 262 2229 et
271 2196 408 2244 exerceor,
427 2188 456 2231 ut
467 2188 611 2234 ceterorum
621 2199 721 2244 quoque
736 2186 800 2232 toris
810 2182 979 2243 petulantiam

179 2252 207 2296 et
222 2250 345 2296 iniuriam
358 2252 462 2298 facilius
479 2255 568 2300 feram.
603 2257 627 2298 4.
647 2255 788 2299 Secundum
800 2253 865 2297 hanc
875 2252 979 2296 seuten-

177 2315 240 2364 tiam
251 2331 350 2374 quoque
359 2320 441 2366 Varro
453 2320 482 2366 in
490 2323 583 2380 Satyra
592 2321 758 2381 Menippsea,
775 2332 849 2375 quam
858 2318 900 2363 De
911 2316 978 2375 Offi-

177 2386 218 2430 a’o
228 2386 324 2431 Mariti
338 2385 455 2445 scripsit:
478 2389 588 2443 Vitium,
604 2387 700 2445 iuquit,
716 2388 808 2433 uxoris
824 2391 872 2432 aut
885 2383 978 2430 tollen-

177 2450 236 2496 dum
242 2453 433 2513 anteferendum
443 2460 489 2500 est.
507 2456 561 2512 Qua·
569 2454 637 2500 tollit
646 2457 744 2512 vitium,
750 2466 859 2498 uxorem
868 2461 979 2498 commo·

176 2516 274 2564 citarem
281 2525 423 2578 praestat:
435 2524 480 2581 qua·
481 2523 552 2583 fert,
562 2534 617 2568 sese
626 2521 759 2567 meliorem
763 2521 846 2580 facit.
871 2521 895 2564 5.
906 2518 977 2563 Haec

104 2640 108 2647 ῃ
177 2585 399 2632 verbaVarrouis:
411 2589 502 2634 tollere
511 2591 538 2634 et
542 2590 621 2650 ferre
630 2587 715 2645 lepide
725 2585 827 2643 quidem
835 2584 978 2644 composita

178 2654 252 2700 sunt:
273 2654 318 2700 seu
333 2655 426 2702 tollere
441 2659 549 2714 apparet
563 2654 657 2701 dictum
671 2668 719 2714 pro
729 2657 872 2716 corrigere.
907 2655 930 2700 6.
948 2651 978 2699 ld
