2067 3034
239 169 244 176 ’
303 173 385 222 nlo.
402 159 462 224 iv.
489 165 587 222 ὀη
617 176 639 223 1.
831 173 882 229 soa

81 288 146 337 dire.
183 290 223 337 la.
241 292 381 351 Utrumque
397 292 465 341 enim
484 295 604 353 prolecto
622 291 674 339 scis
692 292 746 351 legi
765 292 879 341 solitum.

19 379 20 390 ¹
80 358 143 415 Seu,
161 360 192 403 ut
200 358 295 405 faciam
304 362 329 405 te
338 360 460 417 aequiore
471 361 558 407 animo
570 364 598 406 ut
608 359 658 419 sis,
679 373 712 405 ne
726 358 767 405 illi
779 360 881 418 quidam
918 395 925 406 .

81 424 175 471 veteris
185 424 252 472 iuris
261 425 392 484 magistri,
409 428 453 485 qui
463 427 600 487 Sapientes
611 425 735 484 appellati
748 430 820 488 suut,
835 428 881 474 de·

81 492 168 538 inisse
178 492 242 537 sutis
252 496 321 538 recte
333 493 525 550 existimantur,
535 492 640 552 quiunt
649 506 740 551 penus.
765 495 805 542 lt.
815 496 882 542 Nam
916 486 918 492 ’

82 558 113 612 Q.
137 559 292 605 Scaevolam
315 558 346 605 ad
371 559 593 607 demonstrandam
617 573 711 618 penum
734 560 775 606 his
794 560 882 609 verbis
917 590 921 604 .

80 638 155 671 usum
165 624 255 671 audio:
273 625 359 674 Penas
369 635 417 684 est,
427 628 519 687 inquit,
530 628 600 688 qaod
608 628 764 674 esculentam
774 634 824 674 aut
830 642 882 687 po·

81 692 266 740 ostentassent.
302 693 376 751 Quod
388 696 454 740 enim
463 696 545 754 ipsius
551 694 772 756 patrisfamilias,
788 701 837 741 ast
847 696 892 742 ls'ae
918 691 920 696 ’

81 760 201 806 berorum
212 760 422 822 patrisfamilias
435 763 538 822 eiusque
545 761 684 823 familiae,
703 775 770 822 quoe
783 764 881 808 circam

81 840 137 873 cust
156 832 206 872 aut
223 828 319 874 liberos
338 828 393 874 cius
409 835 461 886 est,
482 835 509 874 et
527 841 592 887 opas
612 841 700 874 eorum
711 829 800 891 fucit,
817 844 883 875 cau·

80 907 113 942 sa
118 899 248 952 paratum
258 899 305 953 est,
316 900 345 940 ut
354 895 453 942 Mucius
463 896 513 955 ait,
520 909 603 954 penus
613 894 699 940 uideri
708 896 788 941 debet.
811 896 881 942 Noas
892 914 894 918 ·

81 974 148 1021 quae
162 961 200 1006 ad
212 962 333 1006 edendum
347 961 528 1023 bibendumque
541 964 568 1008 is
583 961 636 1008 dies
647 962 760 1022 singulos
771 963 883 1021 prandii

81 1032 131 1074 aut
138 1041 233 1073 coenae
244 1041 327 1075 causa
333 1035 479 1088 parantur,
491 1042 575 1089 penus
584 1044 635 1074 nou
644 1035 719 1076 sant:
738 1032 785 1074 scd
792 1043 825 1075 ea
830 1044 882 1089 po·
909 1037 913 1047 ·

80 1096 144 1150 es'us,
160 1109 228 1154 quae
238 1094 343 1142 huiusce
350 1098 453 1156 generis
462 1098 555 1157 longae
565 1098 661 1142 usionis
669 1098 762 1156 gratia
772 1103 883 1142 costra-

79 1160 179 1207 tuctur
188 1167 215 1207 et
222 1163 404 1223 reconduntur,
415 1176 450 1210 ex
459 1178 497 1224 eo,
513 1164 584 1225 quod
592 1165 678 1209 nonin
686 1170 809 1222 promptu
818 1166 882 1217 sint,

79 1228 127 1277 sed
137 1230 208 1274 intas
222 1236 249 1276 et
254 1231 362 1288 penitas
374 1229 537 1292 noceantur,
553 1244 637 1290 penas
650 1230 723 1277 dicta
732 1236 801 1277 sant.
838 1231 882 1276 1⁸.

78 1295 149 1341 llaec
160 1308 218 1354 ego,
228 1295 318 1357 inquit,
326 1311 382 1343 cum
391 1297 572 1357 philosophiae
580 1312 621 1344 me
631 1297 766 1356 dedissem,
775 1310 828 1343 non
839 1295 883 1343 in·

78 1374 158 1420 super
172 1366 257 1408 tamen
271 1363 349 1411 habui
363 1364 478 1410 discere:
497 1365 620 1421 quoniam
635 1363 735 1411 civibus
748 1364 880 1422 llomsnis,
906 1374 912 1439 Ι

77 1427 172 1475 Latine
182 1429 360 1487 loquentibus,
370 1445 423 1478 rem
432 1444 485 1476 non
495 1443 542 1477 suo
553 1431 680 1477 vocabulo
691 1430 879 1490 demonstrare,
908 1458 910 1467 ι
920 1467 922 1470 .

8 1512 11 1530 v
77 1509 131 1544 non
146 1495 231 1542 minus
246 1499 320 1555 turpe
330 1503 412 1556 esset,
431 1511 505 1555 quam
516 1498 644 1545 homiuem
654 1510 708 1543 non
717 1511 765 1543 suo
775 1496 881 1543 nominc

77 1562 222 1622 appellare.
259 1565 299 1610 lo.
318 1564 362 1610 Sic
376 1564 522 1611 Favorinus
538 1578 671 1611 sermones
681 1564 708 1609 id
717 1577 799 1623 genus
809 1577 881 1611 com·

76 1643 167 1676 munes
184 1644 200 1675 a
212 1631 291 1676 rebus
305 1630 392 1689 parvis
407 1633 434 1677 et
444 1630 547 1689 frigidis
558 1632 699 1678 obducebat
708 1631 741 1676 sd
751 1644 796 1689 es,
814 1644 892 1689 quae

76 1699 147 1743 essct
156 1696 239 1754 magis
248 1696 313 1744 utile
323 1697 413 1744 audire
423 1712 453 1744 ac
464 1698 579 1756 discere,
594 1709 648 1743 non
658 1697 740 1744 allata
749 1697 882 1744 extrinse-
892 1723 894 1727 ι

76 1777 138 1823 cas,
156 1776 208 1809 non
218 1776 265 1823 per
275 1764 487 1820 ostentationem,
506 1765 553 1811 sed
562 1764 675 1811 indidem
689 1767 749 1810 uota
760 1767 881 1821 accepts-

75 1844 135 1890 que.
169 1832 212 1876 2⁰.
233 1830 372 1877 Praeterea
390 1832 421 1878 de
442 1844 508 1890 penu
528 1832 722 1878 adscribendum
737 1831 786 1876 hoc
800 1830 881 1877 etiam
917 1833 920 1839 ⁴

74 1895 181 1959 putavi,
201 1896 321 1943 Servium
340 1898 481 1957 Sulpicium
499 1898 526 1943 in
545 1898 717 1956 Reprehensis
736 1897 880 1943 Scaevolae
915 1913 919 1921 ·

76 1963 211 2024 capitibus
221 1964 364 2023 scripsisse,
376 1967 439 2011 Cato
450 1965 527 2012 Aelio
537 1964 676 2023 placuisse,
683 1978 735 2010 non
745 1977 810 2021 quae
821 1962 879 2010 esui
913 2023 916 2031 Ι

74 2034 177 2077 tautum
187 2035 213 2078 et
223 2030 296 2089 potui
311 2033 406 2087 forent,
420 2032 465 2077 seu
475 2032 535 2078 thus
544 2043 647 2089 quoque
658 2035 684 2077 et
694 2044 783 2077 cereos
793 2029 821 2076 in
831 2044 878 2089 pc·
911 2045 917 2080 ζ

73 2110 109 2144 uu
119 2112 190 2155 esse,
196 2098 313 2155 quodque
324 2102 392 2145 esset
402 2098 458 2144 cius
469 2100 549 2144 terme
558 2099 598 2144 rei
606 2110 684 2144 causa
693 2099 878 2155 comparatum.

72 2166 114 2212 21.
128 2165 275 2212 Massurius
285 2168 368 2211 autem
380 2165 502 2223 Sabinus,
517 2166 544 2210 in
555 2159 649 2226 {libro}
660 2164 727 2210 luris
738 2163 824 2210 civilis
834 2176 879 2210 se·

73 2232 173 2292 eundo,
193 2231 270 2278 etiam
285 2232 353 2290 quoti
367 2231 538 2278 iumentorum
550 2245 626 2278 causa
636 2232 787 2289 apparatum
796 2235 877 2289 esset,
917 2243 919 2250 ⁸

72 2299 169 2358 quibus
179 2298 299 2345 (lominus
309 2302 435 2359 uteretur,
443 2299 533 2357 penori
543 2297 695 2345 attributum
704 2297 775 2343 dicit.
788 2298 878 2345 mni-

71 2378 125 2424 gus
140 2379 242 2424 quoque
259 2366 382 2425 etvirgas
397 2369 422 2412 ct
437 2367 575 2424 carbones,
595 2364 687 2423 quibus
707 2366 893 2412 conficeretur*
916 2418 920 2424 ,

71 2443 172 2492 penus,
191 2431 342 2491 quibusdam
356 2436 393 2479 ait
407 2432 490 2478 videri
505 2446 563 2478 esse
579 2431 605 2477 in
616 2444 694 2489 penu.
729 2434 770 2478 23.
788 2432 831 2478 Ex
842 2430 876 2478 iis
891 2437 894 2442 ’

71 2505 174 2558 sutem,
194 2514 259 2559 quse
274 2499 445 2570 promercalia
460 2502 486 2544 et
499 2498 606 2545 usuaria
618 2498 646 2543 in
656 2497 723 2544 locis
733 2497 825 2544 iinslem
834 2512 876 2544 es·

71 2572 146 2627 sent,
165 2569 270 2616 casola
285 2580 342 2614 esso
356 2566 461 2625 penoris
474 2567 559 2628 putat,
577 2578 643 2625 quse
654 2562 743 2629 [satis]
754 2565 807 2611 sint
815 2564 876 2610 usui

72 2648 172 2685 sanun.
