2067 3034
708 27 713 52 l

148 125 203 177 404
371 127 508 175 ,dvm
544 126 739 174 GELLll.

152 246 197 293 diu
212 246 272 305 post
286 247 333 291 cn.
344 246 458 292 Marcius
474 244 643 306 Coriolanus,
662 244 814 303 exagitatus
828 248 959 293 vexatus-

149 328 200 372 que
211 326 227 359 a
236 313 346 359 tribunis
357 313 435 371 plebi,
446 311 478 358 ad
486 313 608 371 Volscos,
625 313 668 370 qui
678 316 732 360 tum
742 312 830 358 hostes
841 317 928 369 erant,
942 327 959 358 a

150 380 285 440 republica
295 379 413 439 descivit,
424 379 570 436 bellumque
580 379 677 437 populo
685 380 803 424 Romano
814 380 887 425 fecit.
918 383 959 426 12.
1020 429 1022 440 Ι

151 449 214 495 Post
230 446 322 495 deinde
340 446 432 506 paucis
442 445 518 493 aunis
528 446 632 492 Xerxes
642 459 692 493 rex
702 447 733 491 ab
743 446 960 506 Atheniensibus,

152 519 179 563 et
188 516 312 575 pleraque
325 513 445 571 Graecis,
465 513 641 559 Themistocle
652 513 726 568 duce,
745 513 835 559 navali
845 515 961 572 proelio,

149 582 220 642 *quon
237 581 272 627 ad
290 581 423 628 Salamina
442 581 610 640 factumest,
633 580 716 635 victus
735 582 891 639 fugatusque
913 585 962 631 est.

153 652 194 697 13.
213 650 296 706 Atque
307 647 366 693 inde
377 660 446 693 anno
458 649 514 693 fere
525 650 631 705 quarto,
646 648 770 693 Menenio
781 648 910 708 Agrippa,
924 651 961 694 M.

151 715 263 764 Horatio
274 715 390 762 Pulvillo
401 715 561 773 consulibus,
571 714 767 770 belloVeieute,
773 715 840 772 apud
852 715 962 765 fluvium

152 785 313 837 Cremeram,
332 781 407 828 Fabii
423 794 470 827 sex
486 784 513 827 et
528 780 638 827 trecenti
655 780 760 839 patricii
775 795 831 827 eum
848 782 962 830 familiis

152 849 216 908 suls,
235 848 353 896 universi
362 850 393 894 ab
403 848 522 894 hostibus
535 849 716 909 circumventi,
736 849 897 907 perierunt.-
920 852 961 895 14.

151 918 231 962 iuxta
245 929 276 962 es
291 918 407 974 tempora
416 914 589 974 Empedocles
602 914 789 973 Agrigentinus
799 915 827 961 iu
837 914 961 974 pbiloso-

151 982 229 1042 phise
239 982 368 1029 naturalis
378 982 464 1028 studio
475 982 574 1029 tlornit.
602 984 642 1027 15.
656 984 751 1029 Romae
763 986 848 1029 autem
857 995 907 1040 per
917 997 962 1033 ess

151 1053 318 1108 tempestates
333 1049 493 1097 decemviros
506 1049 609 1107 legibus
624 1049 771 1096 scribundis
782 1052 886 1096 creatos
898 1065 961 1098 con·

152 1116 232 1176 stitit3
252 1117 403 1176 tabulasque
419 1118 449 1163 ab
463 1116 496 1161 iis
508 1116 591 1175 primo
603 1116 692 1162 decem
703 1117 876 1176 conscriptas,
897 1132 961 1166 mox

152 1184 220 1231 alias
232 1185 295 1231 duas
305 1182 416 1229 additas.
451 1185 492 1229 lc.
510 1183 613 1228 Bellum
624 1183 717 1230 deinde
727 1185 756 1230 in
766 1187 838 1232 terra
849 1185 962 1233 Graecia

151 1249 557 1309 maximuml'eloponnesiacum‚
568 1248 636 1307 quod
646 1251 809 1310 Thucydides
817 1254 960 1300 memoriae

150 1317 290 1374 mandavit,
304 1321 421 1374 coeptum
433 1319 480 1376 est,
491 1317 562 1362 circa
571 1330 667 1363 annum
678 1320 742 1374 lere,
757 1321 817 1377 post
825 1319 959 1366 conditam

151 1386 270 1443 Romam,
290 1384 499 1430 trecentesimum
520 1383 670 1432 vicesimum
688 1386 803 1433 tertium.
839 1388 880 1433 17.
902 1391 960 1443 Qua

151 1454 303 1509 tempestate
324 1450 388 1497 Olus
407 1451 554 1497 Postumius
575 1452 704 1499 Tubertus
727 1453 841 1499 dictator
860 1454 958 1501 Romae

152 1517 214 1574 fuit,
234 1518 277 1575 qui
293 1518 375 1564 fllium
391 1531 477 1579 suum,
495 1520 567 1577 quod
582 1523 755 1565 contrasuum
766 1520 902 1566 dietumin
913 1521 959 1567 lso·

152 1589 217 1631 stem
236 1588 410 1644 pugnaverat,
430 1586 515 1632 securi
529 1586 641 1632 necavit.
676 1589 773 1632 Hostes
789 1590 844 1633 tum
860 1589 958 1645 populo

148 1653 266 1700 llomano
282 1652 387 1699 fuerant
401 1652 550 1699 Fidenates.
587 1655 625 1699 18.
645 1654 734 1711 ltaque
749 1654 793 1711 qui
808 1654 879 1701 iuter
895 1656 959 1702 haec

150 1721 269 1777 tempora
277 1718 380 1766 nobiles
391 1719 556 1777 celebresque
566 1722 654 1775 erant,
669 1721 826 1779 Sophocles,
842 1736 874 1767 ac
884 1722 959 1768 deiu-

151 1786 183 1833 de
194 1785 340 1844 Euripides,
355 1787 448 1845 tragici
458 1788 560 1845 politae,
576 1791 602 1833 et
611 1787 782 1845 Hippocrates
791 1789 919 1846 medicus,
934 1793 960 1835 ct

150 1853 314 1900 Democritus
329 1853 513 1912 philosophus,
536 1854 627 1911 quibus
647 1855 768 1900 Socrates
788 1855 959 1903 Atheniensis

150 1923 214 1968 netu
229 1921 330 1979 quidem
345 1922 554 1981 portenarium,
574 1922 620 1967 sed
633 1921 783 1979 quibusdam
796 1923 959 1983 temporibus

150 1987 242 2035 iisdem
258 1988 392 2035 vixerunt.
427 1989 467 2034 19.
486 1990 540 2034 lam
555 1987 661 2044 deiude,
675 1988 788 2035 tribunis
796 1990 958 2039 militaribus

151 2055 285 2103 consulari
303 2053 413 2114 irnperio
432 2054 617 2113 rempublicam
627 2056 725 2101 Romae
743 2058 905 2118 regentibus,
926 2058 958 2103 sd

149 2135 247 2169 anuum
261 2123 318 2169 lere
335 2122 456 2169 conditae
472 2122 545 2168 urbis
560 2123 767 2169 trecentesimum
787 2124 959 2183 quadragesi-

149 2202 218 2237 utum
227 2189 371 2249 septimum,
377 2189 484 2248 triginta
493 2189 536 2234 illi
546 2189 650 2247 tyranni
659 2191 805 2248 praepositi
814 2195 875 2237 suut
884 2193 959 2238 alra-

150 2256 326 2303 cedaemouiis
335 2255 550 2313 Atheniensibus3
569 2259 596 2302 et
609 2257 638 2301 in
651 2257 745 2303 Sicilia
754 2258 898 2315 Dionysius
914 2273 958 2304 su-

150 2322 240 2381 perior
249 2323 412 2382 tyrannidem
421 2323 513 2379 teuuit,
528 2322 669 2381 paucisque
678 2325 755 2370 annis
765 2329 824 2384 post
833 2327 958 2372 Socrates

149 2388 257 2435 Athenis
268 2390 361 2448 cepitis
372 2390 507 2437 damnatus
516 2394 566 2443 est,
575 2394 602 2436 et
610 2391 639 2436 in
650 2404 753 2438 carcere
765 2405 868 2438 veneno
877 2406 958 2438 neca-

149 2457 202 2500 tus.
236 2458 277 2501 11.
293 2456 335 2502 Ea
343 2458 399 2503 fere
409 2460 560 2516 tempestate
569 2458 665 2503 Roma
673 2460 710 2503 di.
721 2459 816 2505 Furius
827 2459 957 2505 Camillus

150 2519 263 2566 dictstor
272 2522 331 2580 tuit,
341 2527 369 2569 et
377 2524 459 2570 Veios
469 2524 546 2582 cepit.
568 2526 612 2570 21.
621 2525 659 2570 Ac
668 2529 728 2583 post
737 2538 789 2572 non
799 2525 880 2585 longo
890 2530 957 2573 teru-

150 2598 215 2644 pore
227 2585 323 2632 bellum
338 2589 495 2636 Senonicum
513 2590 572 2638 tuit.
605 2594 648 2637 22.
672 2592 739 2637 Tum
753 2592 957 2646 Gelliiiomnn,

149 2655 252 2711 prester
262 2653 431 2715 capitolium,
441 2662 567 2716 ceperant
609 2659 652 2704 23.
670 2660 760 2716 Neque
769 2660 851 2706 multo
863 2664 957 2719 postes
