2067 3034
155 119 175 170 2
409 117 521 165 aum
555 116 715 166 citabis

427 229 613 284 CAPUT
647 232 687 284 11.

187 314 224 360 ab
231 314 322 360 Herode
332 314 412 360 Attico
423 315 456 358 cl.
471 314 497 359 7.
509 315 646 372 tesnpestioe
662 318 786 372 depromta
800 317 827 361 ia
843 323 957 375 quendam
1010 344 1012 348 .

214 371 385 416 iactnbnndam
395 376 418 414 et
424 370 558 426 gloriosum
572 372 755 422 adolescentem,
774 375 851 430 specie
863 381 958 419 tantum

215 424 383 485 philosophiae
392 432 543 477 sectatorem.
559 425 635 470 uerba
640 427 750 482 Epicteti
759 429 854 480 Stoici,
872 430 958 488 quibus

211 482 337 541 festivita
347 496 363 524 a
372 495 427 526 cero
437 481 518 525 Stoico
528 480 637 526 seiunxit
645 484 732 538 uulgus
741 485 877 542 loquacium
886 486 958 532 nebu·

216 541 303 590 lauans,
313 537 355 594 qui
364 550 388 581 se
397 537 491 582 Stoicos
500 543 676 594 nuncuparent.

212 634 235 679 1.
245 630 363 678 Herodes
375 629 488 686 Atticus,
498 629 542 678 ris·
551 632 578 678 et
587 631 687 678 Graeca
697 631 817 679 facundia
827 636 854 681 et
862 648 956 682 eonsu-

158 699 212 749 lari
220 700 321 747 honore
332 696 478 757 praeditus,
494 700 642 745 accersebat
657 711 733 758 saepe
742 714 808 755 nos,
824 715 880 747 cum
890 703 956 760 apud

85 801 96 823 .
157 767 297 826 magistros
308 764 416 812 Athenis
426 777 556 827 essemus,
571 764 600 811 in
609 765 689 812 villas
705 766 731 812 ei
745 766 804 813 urbi
814 767 955 828 proximas,

159 847 201 881 me
213 837 239 880 et
250 834 290 880 cl.
297 833 329 878 V.
336 831 521 888 Servilianum,
531 818 727 892 compluresque
737 833 806 880 alios
815 837 956 892 nostrates,

160 901 205 960 qui
225 901 307 947 Roma
325 899 352 946 in
371 897 505 946 Graeciam
525 897 558 944 ad
576 898 729 957 capiendum
744 900 845 959 ingenii
860 900 956 948 cultum

161 969 354 1014 concesserant.
390 969 414 1011 2.
433 967 517 1023 Atque
532 965 570 1013 ibi
583 968 659 1021 usne,
681 980 738 1012 oum
756 981 870 1014 esssemu
887 968 955 1026 apud

161 1049 220 1081 eum
232 1033 258 1080 in
270 1034 349 1091 villa,
366 1033 407 1079 oui
418 1047 510 1079 nomen
523 1034 564 1080 est
573 1033 709 1091 Cephisia,
726 1035 754 1080 et
767 1036 840 1081 aestu
855 1034 916 1080 anni
929 1040 956 1080 ct

161 1100 247 1148 sidero
266 1100 382 1147 autumni
396 1099 612 1159 flagrantissimo,
631 1100 842 1159 propulsabamus
858 1100 954 1148 caloris

160 1168 323 1215 incommoda
332 1168 450 1213 lucorum
462 1168 552 1214 umbra
564 1166 720 1225 ingentium,
740 1168 827 1226 longis
839 1168 954 1214 ambula-

160 1235 211 1282 cris
222 1238 248 1281 et
257 1234 387 1291 mollibus,
398 1232 498 1280 aedium
507 1233 596 1292 positu
605 1234 781 1293 refrigeranti,
791 1234 903 1280 lavacris
914 1235 954 1281 ui-

159 1302 221 1348 tidis
233 1305 259 1347 ct
269 1300 375 1348 abundis
386 1304 413 1347 et
422 1300 624 1363 collucentibus,
640 1302 770 1360 totiusque
781 1301 863 1347 villae
873 1314 953 1348 veuu-
1031 1300 1032 1361 j

159 1372 226 1415 state
244 1367 317 1426 aquia
334 1367 446 1426 undiquc
465 1368 569 1415 canoris
588 1370 663 1427 atque
678 1369 767 1415 avibus
786 1365 953 1425 personante.

159 1438 184 1483 3.
203 1436 269 1482 Erat
279 1434 372 1481 ibidem
381 1434 513 1481 nobiscum
523 1434 599 1482 simul
610 1434 762 1481 adolescens
770 1434 953 1493 philosophiae

158 1504 282 1559 sectatos,
292 1501 496 1560 disciplinae,ut
503 1501 560 1560 ipse
571 1502 679 1557 dicebat,
687 1502 798 1560 Stoicae,
810 1500 855 1547 aed
864 1500 953 1559 loqua-

161 1568 361 1630 oiorisspendio
370 1571 397 1615 et
406 1569 545 1627 promtior.
579 1573 604 1615 4.
623 1571 648 1616 ls
657 1568 808 1626 plerumque
822 1567 850 1613 iu
862 1568 952 1613 convi-

160 1636 218 1697 vio,
235 1635 409 1693 sermonibus,
428 1635 474 1694 qui
484 1638 544 1693 post
554 1635 644 1694 epulas
654 1635 742 1682 haberi
753 1635 854 1693 solent,
872 1633 954 1681 multa

160 1706 235 1762 atque
245 1703 381 1750 immodica
390 1702 421 1748 de
431 1702 612 1761 philosophiae
630 1702 755 1750 doctrinis
772 1700 953 1758 intempestive

158 1775 235 1830 atque
244 1769 361 1817 insubide
372 1769 524 1826 disserebat,
529 1782 641 1827 praeque
648 1784 676 1816 se
685 1784 737 1817 uno
746 1772 846 1815 eeteros
853 1780 953 1822 omnes,

160 1838 266 1896 linguae
277 1837 376 1883 Atticae
386 1835 532 1895 principes,
547 1840 700 1895 gentemque
715 1849 816 1883 omnem
829 1837 952 1895 togatam,

159 1907 291 1962 totumque
299 1917 396 1950 nomen
403 1901 538 1964 Latinum,
558 1902 635 1950 rudes
646 1917 707 1951 esse
715 1906 742 1949 et
750 1904 866 1961 agrestes
876 1914 952 1958 prae-

157 1971 273 2018 dicabat:
290 1972 366 2028 atque
385 1970 486 2017 interea
500 1971 636 2017 vocabulis
655 1969 721 2017 haud
735 1969 813 2014 facile
829 1967 951 2028 cognitis,

156 2036 771 2097 syllogismorumcaptionumqnedialecticarum
780 2035 953 2093 laqueisstre·
1027 2032 1028 2045 ¹

158 2105 250 2163 pebat,
260 2097 436 2167 κυριεύοντας,
451 2098 623 2164 ἡσυχάζοντας
632 2102 674 2149 καὶ
684 2101 818 2164 cuprinae,
833 2101 952 2160 aliosque

87 2208 88 2215 ,
157 2170 185 2216 id
195 2182 276 2228 genus
289 2170 396 2229 griphos
410 2171 538 2218 neminem
553 2184 630 2229 posse
645 2170 736 2217 diceus.
747 2170 799 2215 nisi
814 2183 841 2215 se
857 2168 953 2214 dissol-

158 2250 233 2285 vere:
252 2251 306 2285 rem
321 2250 384 2284 vero
401 2238 524 2297 ethicam,
543 2242 709 2296 naturamque
725 2236 828 2282 humani
844 2234 952 2293 ingenii,

158 2307 332 2363 virtutumque
348 2304 465 2363 origines
481 2304 617 2362 officiaque
634 2318 722 2352 earum
740 2307 766 2348 et
782 2301 892 2349 confinia
906 2305 953 2347 aut

159 2373 297 2432 contraria,
303 2372 451 2418 morborum
459 2372 632 2429 vitiorumque
641 2370 753 2425 fraudes,
759 2369 952 2426 assimosumqne

157 2441 229 2486 labes
245 2452 275 2487 ac
289 2437 468 2496 pestilentias,
487 2440 653 2486 asseverabat
668 2436 734 2484 nulli
752 2449 808 2482 esse
822 2435 904 2494 magis
921 2447 953 2480 ea

158 2507 245 2553 omnia
259 2506 412 2567 explorata,
432 2507 563 2564 comperta
578 2504 750 2560 meditataque
767 2503 859 2560 [quam
870 2502 951 2560 sibil.

156 2575 181 2619 bs
192 2573 352 2622 cruciatibus
363 2578 447 2620 autem
461 2571 644 2627 doloribusque
655 2569 774 2628 corporis
785 2572 810 2615 et
826 2570 952 2627 periculis

156 2647 263 2689 mortem
276 2641 457 2689 minitantibus
471 2639 586 2686 habitum
602 2641 744 2694 usumque
763 2637 833 2682 sitae
852 2639 951 2698 beatae,
