2067 3034
310 125 392 171 ΗΒ.
412 123 464 173 IX.
500 124 590 172 GAP.
609 124 649 172 14.
832 124 884 177 2⁰9

78 249 156 305 etque
165 242 205 292 its
216 254 284 301 esse,
291 244 322 289 ut
330 242 452 301 scriptum
463 245 511 302 est,
522 241 702 303 comperimus.
723 243 749 288 2.
760 241 806 291 Sic
814 246 884 294 enim

79 315 205 374 pleraque
221 314 294 357 uetes
307 312 423 355 veterum
433 310 588 357 declinavit:
611 310 677 356 laec
685 309 789 371 facies,
808 312 884 362 huin

72 382 180 444 facien,
196 376 267 435 quor
276 389 343 422 nunc
352 379 458 435 propter
466 377 593 422 rationem
604 377 886 439 grammaticsmsaeiei

79 447 188 503 (liciturq
209 445 345 501 corruptos
355 446 439 489 eutem
452 444 576 500 quosdam
586 444 667 490 libros
676 444 776 504 reperi,
790 443 819 490 in
827 446 884 504 qui·

79 518 127 562 bus
136 513 228 575 faciei
242 509 429 569 scriptumest,
447 510 512 568 illo,
523 504 599 568 'quod
613 514 672 557 unte
687 512 809 568 scriptum
820 516 884 572 eret,

80 580 232 628 obliterato.
267 578 292 623 3.
308 576 473 622 Meminimus
488 576 566 624 etiam
576 577 604 623 in
614 578 717 624 Tinurti
727 577 884 627 bibliotheca

79 647 202 694 invenire
210 657 260 690 nos
273 644 303 689 iu
314 643 403 689 eodem
418 644 520 689 Claudii
530 644 597 690 libro
608 646 730 705 scriptum
739 648 884 705 utrumque,

73 717 166 778 facies
181 715 208 758 et
214 712 299 774 saeii.
336 711 387 756 Seri
394 710 485 772 facies
501 710 529 757 iu
540 711 631 758 ordine
641 713 764 771 scripturn
775 714 837 773 luit,
857 716 885 759 ct

82 784 174 830 eontra
183 792 232 838 per
239 781 261 823 ii
268 777 398 836 geminum
402 778 484 839 facit.
519 781 543 823 4.
557 780 647 836 Neque
658 781 685 826 id
695 781 785 826 obesse
795 793 810 826 e
820 793 883 837 quu-

81 849 139 896 ‹lnm
151 843 341 892 consuetudine
352 844 436 903 prisce
447 843 660 893 existimavimus.
695 848 760 893 Nem
774 850 800 892 et
810 850 840 893 sb
851 861 883 893 eo

82 914 152 974 quod
162 913 254 959 estleic
265 913 332 972 dies,
353 915 405 958 tem
414 911 488 958 huius
499 911 548 971 dii,
567 916 594 959 et
602 915 634 959 sb
645 927 675 959 eo
687 914 756 970 quod
766 917 804 959 est
816 914 884 960 haee

74 984 177 1046 fumes,
188 983 242 1026 tem
252 979 407 1041 huiusfami
416 979 547 1025 dixerunt.
573 983 598 1025 5.
614 981 646 1033 Q.
657 979 757 1025 Ennius
769 980 882 1029 inserto

81 1050 182 1097 decimo
190 1045 282 1093 unnsli
291 1045 346 1092 dies
356 1045 458 1103 scripsit
467 1058 515 1104 pro
526 1048 579 1092 diei
585 1046 614 1092 in
623 1048 672 1094 hoc
682 1058 773 1093 versu:

115 1118 273 1164 Postremae
283 1114 420 1173 longinqua
429 1114 482 1159 dies
492 1114 637 1176 confecerit
644 1121 727 1161 aetus.

81 1186 106 1230 o.
132 1182 285 1234 Ciceronem
302 1193 403 1237 quoque
420 1182 528 1226 affirmet
544 1182 688 1228 Caesellius
707 1182 734 1228 iu
754 1181 882 1242 erutione,

81 1263 157 1310 quam
170 1261 217 1308 pro
228 1249 257 1293 P.
269 1248 355 1293 Sestio
366 1247 442 1302 lecit,
456 1249 510 1294 dies
521 1249 656 1307 scripsisse
668 1263 715 1309 pro
729 1250 781 1297 diei
784 1265 797 1309 ;
815 1245 883 1308 quod

81 1331 141 1377 ego,
153 1316 272 1374 impense
281 1327 369 1373 opere,
385 1314 540 1371 conquisitis
551 1317 680 1363 veteribus
689 1317 764 1363 libris
774 1318 884 1377 pluscu-

81 1385 130 1444 lis,
152 1383 203 1440 its,
230 1381 495 1441 accucurrerunt,
516 1382 644 1441 scriptum
663 1384 761 1430 iuveni.
796 1385 883 1430 Verba

81 1453 144 1499 sunt
153 1451 218 1498 hoec
227 1448 311 1496 Murci
321 1448 418 1494 Tullii:
436 1449 544 1509 Equites
554 1465 615 1496 nero
627 1451 738 1498 daturos
747 1451 817 1498 illius
827 1451 882 1497 dies

4 1529 6 1548 ¹
80 1531 194 1580 poenus.
229 1518 255 1562 ’1.
275 1514 406 1569 Quocirca
425 1516 522 1561 lectum
543 1514 631 1564 hercle
646 1521 693 1572 est,
711 1521 740 1563 ut
755 1519 833 1565 troile
847 1518 881 1564 ils

82 1586 197 1642 credam,
216 1583 260 1642 qui
277 1583 450 1642 scripserunt,
470 1582 650 1644 idiographum
663 1585 759 1634 librum
773 1584 881 1645 Virgilii

81 1667 141 1701 sese
151 1650 312 1710 inspexisse,
323 1650 409 1707 inquo
420 1651 456 1696 its
466 1650 587 1709 scriptum
599 1657 650 1699 est:

116 1721 200 1767 Libra
212 1719 266 1765 dies
277 1720 407 1779 somnique
413 1732 496 1777 pares
509 1720 552 1765 ubi
561 1720 657 1773 fecerit
665 1720 754 1776 loros,

80 1787 108 1835 iu
120 1790 174 1834 est:
194 1786 276 1834 [Abra
290 1786 343 1831 diei
355 1788 490 1846 sanamque.
528 1789 551 1831 8.
571 1788 623 1834 Sed
638 1788 705 1834 sicut
718 1789 768 1834 hoc
783 1787 880 1833 inloto

80 1856 137 1902 dies
153 1852 292 1912 svis-gilio
308 1851 430 1910 scriptum
443 1852 560 1899 videtur:
579 1853 616 1898 its
631 1855 659 1900 in
673 1854 720 1901 illo
736 1868 812 1901 versu
827 1868 880 1900 non

80 1922 190 1970 dubium
200 1924 248 1980 est,
258 1917 320 1976 quin
330 1920 368 1964 dii
376 1920 508 1978 scripserit
517 1934 565 1978 pro
576 1922 627 1967 diei
630 1935 639 1967 r

113 1990 229 2037 Munera
238 1988 416 2046 laetitiamque
426 1989 465 2033 dii
479 2012 505 2022 -·
515 2012 549 2022 -

79 2056 148 2117 quod
160 2053 335 2114 imperitiores
344 2054 385 2100 rtet
392 2054 492 2114 legunt,
506 2057 539 2101 sb
549 2054 689 2102 insolentie
699 2054 800 2102 scilicet
809 2055 881 2102 vocis

78 2124 160 2171 istius
170 2123 348 2169 abhorrentes.
370 2123 394 2166 9.
410 2122 454 2167 Sic
464 2124 550 2168 eutem
561 2126 614 2171 dies
623 2124 685 2170 diis
695 2123 825 2169 veteribus
837 2124 881 2169 de·

79 2192 208 2239 clinuturn
219 2191 272 2247 est,
285 2191 315 2234 ut
317 2189 410 2250 fames
412 2188 496 2250 furni,
508 2192 640 2248 pernicies
648 2192 771 2251 pernicii,
785 2205 881 2251 proge-

78 2262 135 2307 nies
146 2258 276 2318 progenii,
292 2256 411 2302 luxuries
419 2258 529 2316 luxurii,
541 2260 611 2306 acies
622 2261 682 2305 acii.
712 2260 749 2305 lo.
763 2260 799 2303 M.
812 2259 880 2304 euim

80 2328 146 2373 ceto
155 2325 183 2371 in
193 2323 327 2382 oratione,
347 2335 421 2380 quam
430 2323 469 2369 De
478 2324 550 2371 bello
562 2324 766 2384 Carthaginiensi
777 2338 882 2384 compo-

79 2393 149 2448 suit,
168 2391 206 2437 its
220 2390 337 2447 scripsit:
354 2391 438 2436 Pueri
451 2396 530 2451 atque
540 2395 661 2440 mutieres
671 2393 881 2440 extrudebantur

72 2461 150 2525 fumi
158 2471 251 2506 causa.
287 2459 327 2503 ll.
344 2456 462 2503 Lucilius
473 2456 499 2502 iu
510 2457 675 2506 duodecimo:

112 2527 244 2586 Rugosum
255 2524 415 2585 atquefami
421 2523 532 2581 plenum.

79 2594 123 2640 12.
143 2592 256 2640 Sisenna
266 2590 294 2636 in
304 2589 479 2636 ilistoriarum
488 2590 556 2638 libro
566 2596 657 2641 sexto:
675 2594 806 2642 Romanos
815 2593 883 2656 inse·

76 2662 180 2709 rendae
188 2659 301 2718 pernicii
309 2671 392 2707 causa
402 2660 509 2704 venisse.
545 2660 586 2706 13.
604 2660 731 2708 Pacuvius
748 2662 776 2708 in
788 2662 883 2708 Paulo:

116 2727 274 2775 Genusus.
655 2729 676 2773 ο
