<?xml version="1.0" encoding="UTF-8"?>
<!DOCTYPE html PUBLIC "-//W3C//DTD XHTML 1.0 Transitional//EN"
    "http://www.w3.org/TR/xhtml1/DTD/xhtml1-transitional.dtd">
<html xmlns="http://www.w3.org/1999/xhtml" xml:lang="en" lang="en">
 <head>
  <title>
</title>
<meta http-equiv="Content-Type" content="text/html;charset=utf-8" />
  <meta name='ocr-system' content='tesseract 3.04.00' />
  <meta name='ocr-capabilities' content='ocr_page ocr_carea ocr_par ocr_line ocrx_word'/>
</head>
<body>
  <div class='ocr_page' id='page_1' title='image "auligelliinocte04gellgoog_0131.png"; bbox 0 0 2067 3034; ppageno 0'>
   <div class='ocr_carea' id='block_1_1' title="bbox 329 122 886 176">
    <p class='ocr_par' dir='ltr' id='par_1_1' title="bbox 329 122 886 176">
     <span class='ocr_line' id='line_1_1' title="bbox 329 122 886 176; baseline 0.002 -2"><span class='ocrx_word' id='word_1_1' title='bbox 329 122 412 174; x_wconf 70' lang='lat' dir='ltr'><strong><em>bra.</em></strong></span> <span class='ocrx_word' id='word_1_2' title='bbox 431 122 464 173; x_wconf 84' lang='lat' dir='ltr'><strong><em>V.</em></strong></span> <span class='ocrx_word' id='word_1_3' title='bbox 499 124 589 172; x_wconf 75' lang='lat' dir='ltr'><strong><em>cie.</em></strong></span> <span class='ocrx_word' id='word_1_4' title='bbox 608 125 634 173; x_wconf 75' lang='lat'><strong><em>6.</em></strong></span> <span class='ocrx_word' id='word_1_5' title='bbox 834 122 886 176; x_wconf 78' lang='lat' dir='ltr'><strong><em>m</em></strong></span> 
     </span>
    </p>
   </div>
   <div class='ocr_carea' id='block_1_2' title="bbox 346 237 619 293">
    <p class='ocr_par' dir='ltr' id='par_1_2' title="bbox 346 237 619 293">
     <span class='ocr_line' id='line_1_2' title="bbox 346 237 619 293; baseline 0 -2"><span class='ocrx_word' id='word_1_6' title='bbox 346 237 531 293; x_wconf 53' lang='lat' dir='ltr'><strong>&amp;APUT</strong></span> <span class='ocrx_word' id='word_1_7' title='bbox 565 238 619 292; x_wconf 83' lang='lat' dir='ltr'><strong><em>Vl.</em></strong></span> 
     </span>
    </p>
   </div>
   <div class='ocr_carea' id='block_1_3' title="bbox 72 319 932 2726">
    <p class='ocr_par' dir='ltr' id='par_1_3' title="bbox 106 319 932 492">
     <span class='ocr_line' id='line_1_3' title="bbox 106 319 932 384; baseline 0.001 -16"><span class='ocrx_word' id='word_1_8' title='bbox 106 322 144 371; x_wconf 79' lang='lat' dir='ltr'><strong><em>lle</em></strong></span> <span class='ocrx_word' id='word_1_9' title='bbox 151 320 245 366; x_wconf 73' lang='lat' dir='ltr'><strong><em>meanis</em></strong></span> <span class='ocrx_word' id='word_1_10' title='bbox 253 319 399 373; x_wconf 71' lang='lat' dir='ltr'><strong><em>militaribus,</em></strong></span> <span class='ocrx_word' id='word_1_11' title='bbox 414 323 511 380; x_wconf 76' lang='lat' dir='ltr'><strong><em>quaesit</em></strong></span> <span class='ocrx_word' id='word_1_12' title='bbox 519 337 598 367; x_wconf 70' lang='lat' dir='ltr'><strong><em>mmm</em></strong></span> <span class='ocrx_word' id='word_1_13' title='bbox 608 322 763 380; x_wconf 72' lang='lat' dir='ltr'><strong><em>triumphalis,</em></strong></span> <span class='ocrx_word' id='word_1_14' title='bbox 777 338 834 384; x_wconf 75' lang='lat' dir='ltr'><strong><em>puae</em></strong></span> <span class='ocrx_word' id='word_1_15' title='bbox 844 326 884 370; x_wconf 82' lang='lat' dir='ltr'><strong><em>ob·</em></strong></span> <span class='ocrx_word' id='word_1_16' title='bbox 923 355 932 369; x_wconf 88' lang='lat'>.</span> 
     </span>
     <span class='ocr_line' id='line_1_4' title="bbox 134 378 885 439; baseline 0.005 -15"><span class='ocrx_word' id='word_1_17' title='bbox 134 378 264 429; x_wconf 59' lang='lat' dir='ltr'><strong><em>ammes,</em></strong></span> <span class='ocrx_word' id='word_1_18' title='bbox 275 392 332 435; x_wconf 77' lang='lat' dir='ltr'><strong><em>quoe</em></strong></span> <span class='ocrx_word' id='word_1_19' title='bbox 341 378 423 429; x_wconf 68' lang='lat' dir='ltr'><strong><em>deleo,</em></strong></span> <span class='ocrx_word' id='word_1_20' title='bbox 437 394 495 437; x_wconf 83' lang='lat' dir='ltr'><strong><em>quae</em></strong></span> <span class='ocrx_word' id='word_1_21' title='bbox 503 379 607 431; x_wconf 80' lang='lat' dir='ltr'><strong><em>muralis,</em></strong></span> <span class='ocrx_word' id='word_1_22' title='bbox 621 395 679 438; x_wconf 70' lang='lat' dir='ltr'><strong><em>qum</em></strong></span> <span class='ocrx_word' id='word_1_23' title='bbox 688 382 816 433; x_wconf 59' lang='lat' dir='ltr'><strong><em>carmanis,</em></strong></span> <span class='ocrx_word' id='word_1_24' title='bbox 827 397 885 439; x_wconf 76' lang='lat' dir='ltr'><strong><em>quus</em></strong></span> 
     </span>
     <span class='ocr_line' id='line_1_5' title="bbox 134 433 601 492; baseline -0.002 -13"><span class='ocrx_word' id='word_1_25' title='bbox 134 435 235 485; x_wconf 71' lang='lat' dir='ltr'><strong><em>nuuabs,</em></strong></span> <span class='ocrx_word' id='word_1_26' title='bbox 247 448 305 492; x_wconf 76' lang='lat' dir='ltr'><strong><em>puae</em></strong></span> <span class='ocrx_word' id='word_1_27' title='bbox 313 433 394 486; x_wconf 58' lang='lat' dir='ltr'><strong><em>evalet,</em></strong></span> <span class='ocrx_word' id='word_1_28' title='bbox 406 449 462 492; x_wconf 78' lang='lat' dir='ltr'><strong><em>quoe</em></strong></span> <span class='ocrx_word' id='word_1_29' title='bbox 472 436 601 490; x_wconf 71' lang='lat' dir='ltr'><em>oleaginea.</em></span> 
     </span>
    </p>

    <p class='ocr_par' dir='ltr' id='par_1_4' title="bbox 76 511 899 2038">
     <span class='ocr_line' id='line_1_6' title="bbox 116 511 883 567; baseline 0.004 -8"><span class='ocrx_word' id='word_1_30' title='bbox 116 514 137 559; x_wconf 87' lang='lat' dir='ltr'><strong><em>i.</em></strong></span> <span class='ocrx_word' id='word_1_31' title='bbox 159 512 290 559; x_wconf 71' lang='lat' dir='ltr'><strong>Militares</strong></span> <span class='ocrx_word' id='word_1_32' title='bbox 309 525 421 560; x_wconf 81' lang='lat' dir='ltr'><strong><em>coronae</em></strong></span> <span class='ocrx_word' id='word_1_33' title='bbox 437 511 597 560; x_wconf 79' lang='lat' dir='ltr'><strong><em>multifariae</em></strong></span> <span class='ocrx_word' id='word_1_34' title='bbox 615 515 683 561; x_wconf 88' lang='lat' dir='ltr'><strong><em>sunt.</em></strong></span> <span class='ocrx_word' id='word_1_35' title='bbox 718 515 743 560; x_wconf 80' lang='lat'><strong><em>2.</em></strong></span> <span class='ocrx_word' id='word_1_36' title='bbox 767 513 883 567; x_wconf 77' lang='lat' dir='ltr'><strong><em>Quarum</em></strong></span> 
     </span>
     <span class='ocr_line' id='line_1_7' title="bbox 79 578 886 640; baseline 0.004 -14"><span class='ocrx_word' id='word_1_37' title='bbox 79 593 144 640; x_wconf 87' lang='lat' dir='ltr'><strong><em>qnae</em></strong></span> <span class='ocrx_word' id='word_1_38' title='bbox 159 578 339 625; x_wconf 85' lang='lat' dir='ltr'><strong><em>nobilissimae</em></strong></span> <span class='ocrx_word' id='word_1_39' title='bbox 354 582 427 637; x_wconf 87' lang='lat' dir='ltr'><strong><em>sunt,</em></strong></span> <span class='ocrx_word' id='word_1_40' title='bbox 440 580 486 626; x_wconf 84' lang='lat' dir='ltr'><strong><em>has</em></strong></span> <span class='ocrx_word' id='word_1_41' title='bbox 497 583 577 627; x_wconf 88' lang='lat' dir='ltr'><strong><em>terme</em></strong></span> <span class='ocrx_word' id='word_1_42' title='bbox 588 594 646 627; x_wconf 87' lang='lat' dir='ltr'><strong><em>esse</em></strong></span> <span class='ocrx_word' id='word_1_43' title='bbox 657 580 815 640; x_wconf 81' lang='lat' dir='ltr'><strong><em>accepimus:</em></strong></span> <span class='ocrx_word' id='word_1_44' title='bbox 834 583 886 629; x_wconf 77' lang='lat' dir='ltr'><strong><em>tri-</em></strong></span> 
     </span>
     <span class='ocr_line' id='line_1_8' title="bbox 79 646 883 709; baseline 0.005 -18"><span class='ocrx_word' id='word_1_45' title='bbox 79 646 236 706; x_wconf 72' lang='lat' dir='ltr'><strong><em>umphalem,</em></strong></span> <span class='ocrx_word' id='word_1_46' title='bbox 243 646 435 707; x_wconf 75' lang='lat' dir='ltr'><strong><em>obsidionalem,</em></strong></span> <span class='ocrx_word' id='word_1_47' title='bbox 442 649 558 707; x_wconf 79' lang='lat' dir='ltr'><strong><em>civicam,</em></strong></span> <span class='ocrx_word' id='word_1_48' title='bbox 568 651 704 709; x_wconf 80' lang='lat' dir='ltr'><strong><em>muralem,</em></strong></span> <span class='ocrx_word' id='word_1_49' title='bbox 713 654 883 706; x_wconf 72' lang='lat' dir='ltr'><strong><em>castrensem,</em></strong></span> 
     </span>
     <span class='ocr_line' id='line_1_9' title="bbox 79 712 882 776; baseline 0.001 -14"><span class='ocrx_word' id='word_1_50' title='bbox 79 715 209 763; x_wconf 74' lang='lat' dir='ltr'><strong><em>naualem.</em></strong></span> <span class='ocrx_word' id='word_1_51' title='bbox 245 716 269 759; x_wconf 76' lang='lat'><strong><em>3.</em></strong></span> <span class='ocrx_word' id='word_1_52' title='bbox 280 712 328 758; x_wconf 81' lang='lat' dir='ltr'><strong><em>Est</em></strong></span> <span class='ocrx_word' id='word_1_53' title='bbox 338 727 370 760; x_wconf 88' lang='lat' dir='ltr'><strong><em>ea</em></strong></span> <span class='ocrx_word' id='word_1_54' title='bbox 380 728 480 773; x_wconf 86' lang='lat' dir='ltr'><strong><em>quoqne</em></strong></span> <span class='ocrx_word' id='word_1_55' title='bbox 492 728 597 776; x_wconf 85' lang='lat' dir='ltr'><strong><em>corona,</em></strong></span> <span class='ocrx_word' id='word_1_56' title='bbox 608 730 673 773; x_wconf 77' lang='lat' dir='ltr'><strong><em>quse</em></strong></span> <span class='ocrx_word' id='word_1_57' title='bbox 683 716 767 763; x_wconf 79' lang='lat' dir='ltr'><strong><em>oralia</em></strong></span> <span class='ocrx_word' id='word_1_58' title='bbox 779 715 882 763; x_wconf 85' lang='lat' dir='ltr'><strong><em>dieitur.</em></strong></span> 
     </span>
     <span class='ocr_line' id='line_1_10' title="bbox 79 779 883 842; baseline 0.002 -13"><span class='ocrx_word' id='word_1_59' title='bbox 79 786 104 829; x_wconf 81' lang='lat'><strong><em>4.</em></strong></span> <span class='ocrx_word' id='word_1_60' title='bbox 126 782 176 826; x_wconf 79' lang='lat' dir='ltr'><strong><em>Est</em></strong></span> <span class='ocrx_word' id='word_1_61' title='bbox 190 779 252 825; x_wconf 83' lang='lat' dir='ltr'><strong><em>item</em></strong></span> <span class='ocrx_word' id='word_1_62' title='bbox 267 782 400 837; x_wconf 85' lang='lat' dir='ltr'><strong><em>postrema</em></strong></span> <span class='ocrx_word' id='word_1_63' title='bbox 412 782 559 842; x_wconf 75' lang='lat' dir='ltr'><strong><em>oleaginea,</em></strong></span> <span class='ocrx_word' id='word_1_64' title='bbox 579 796 629 839; x_wconf 86' lang='lat' dir='ltr'><strong><em>qua</em></strong></span> <span class='ocrx_word' id='word_1_65' title='bbox 638 783 677 829; x_wconf 87' lang='lat' dir='ltr'><strong><em>uti</em></strong></span> <span class='ocrx_word' id='word_1_66' title='bbox 687 783 781 842; x_wconf 82' lang='lat' dir='ltr'><strong><em>solent,</em></strong></span> <span class='ocrx_word' id='word_1_67' title='bbox 801 784 883 841; x_wconf 85' lang='lat' dir='ltr'><strong><em>quiin</em></strong></span> 
     </span>
     <span class='ocr_line' id='line_1_11' title="bbox 80 847 884 909; baseline 0.001 -13"><span class='ocrx_word' id='word_1_68' title='bbox 80 847 183 909; x_wconf 83' lang='lat' dir='ltr'><strong><em>proelio</em></strong></span> <span class='ocrx_word' id='word_1_69' title='bbox 195 860 250 893; x_wconf 80' lang='lat' dir='ltr'><strong><em>non</em></strong></span> <span class='ocrx_word' id='word_1_70' title='bbox 260 848 372 907; x_wconf 85' lang='lat' dir='ltr'><strong><em>inerunt,</em></strong></span> <span class='ocrx_word' id='word_1_71' title='bbox 383 850 430 895; x_wconf 84' lang='lat' dir='ltr'><strong><em>sed</em></strong></span> <span class='ocrx_word' id='word_1_72' title='bbox 440 848 595 907; x_wconf 78' lang='lat' dir='ltr'><strong><em>triumphurn</em></strong></span> <span class='ocrx_word' id='word_1_73' title='bbox 604 852 752 907; x_wconf 78' lang='lat' dir='ltr'><strong><em>procurant.</em></strong></span> <span class='ocrx_word' id='word_1_74' title='bbox 780 853 804 895; x_wconf 81' lang='lat'><strong><em>5.</em></strong></span> <span class='ocrx_word' id='word_1_75' title='bbox 823 853 884 897; x_wconf 81' lang='lat' dir='ltr'><strong><em>Tri-</em></strong></span> 
     </span>
     <span class='ocr_line' id='line_1_12' title="bbox 80 914 884 975; baseline 0 -11"><span class='ocrx_word' id='word_1_76' title='bbox 80 914 218 975; x_wconf 79' lang='lat' dir='ltr'><strong><em>wupliales</em></strong></span> <span class='ocrx_word' id='word_1_77' title='bbox 232 927 345 961; x_wconf 80' lang='lat' dir='ltr'><strong><em>coronae</em></strong></span> <span class='ocrx_word' id='word_1_78' title='bbox 362 918 423 961; x_wconf 86' lang='lat' dir='ltr'><strong><em>sunt</em></strong></span> <span class='ocrx_word' id='word_1_79' title='bbox 436 929 547 970; x_wconf 81' lang='lat' dir='ltr'><strong><em>aureae,</em></strong></span> <span class='ocrx_word' id='word_1_80' title='bbox 565 930 630 973; x_wconf 86' lang='lat' dir='ltr'><strong><em>quae</em></strong></span> <span class='ocrx_word' id='word_1_81' title='bbox 641 917 840 974; x_wconf 77' lang='lat' dir='ltr'><strong><em>imperatoribus</em></strong></span> <span class='ocrx_word' id='word_1_82' title='bbox 851 918 884 964; x_wconf 87' lang='lat' dir='ltr'><strong><em>ob</em></strong></span> 
     </span>
     <span class='ocr_line' id='line_1_13' title="bbox 79 980 885 1041; baseline 0.001 -10"><span class='ocrx_word' id='word_1_83' title='bbox 79 983 208 1032; x_wconf 79' lang='lat' dir='ltr'><strong><em>honorem</em></strong></span> <span class='ocrx_word' id='word_1_84' title='bbox 217 980 340 1040; x_wconf 80' lang='lat' dir='ltr'><strong><em>triumphi</em></strong></span> <span class='ocrx_word' id='word_1_85' title='bbox 350 981 495 1029; x_wconf 85' lang='lat' dir='ltr'><strong><em>mittuntur.</em></strong></span> <span class='ocrx_word' id='word_1_86' title='bbox 518 984 541 1028; x_wconf 83' lang='grc'><strong><em>6.</em></strong></span> <span class='ocrx_word' id='word_1_87' title='bbox 558 982 587 1027; x_wconf 87' lang='lat' dir='ltr'><strong><em>ld</em></strong></span> <span class='ocrx_word' id='word_1_88' title='bbox 597 983 675 1041; x_wconf 79' lang='lat' dir='ltr'><strong><em>vulgo</em></strong></span> <span class='ocrx_word' id='word_1_89' title='bbox 687 982 782 1030; x_wconf 84' lang='lat' dir='ltr'><strong><em>dieitur</em></strong></span> <span class='ocrx_word' id='word_1_90' title='bbox 791 998 885 1032; x_wconf 79' lang='lat' dir='ltr'><strong><em>aurora</em></strong></span> 
     </span>
     <span class='ocr_line' id='line_1_14' title="bbox 81 1049 886 1109; baseline -0.002 -10"><span class='ocrx_word' id='word_1_91' title='bbox 81 1051 258 1099; x_wconf 72' lang='lat' dir='ltr'><strong><em>coronarium.</em></strong></span> <span class='ocrx_word' id='word_1_92' title='bbox 288 1050 311 1094; x_wconf 79' lang='lat' dir='ltr'><strong><em>l.</em></strong></span> <span class='ocrx_word' id='word_1_93' title='bbox 328 1049 384 1095; x_wconf 81' lang='lat' dir='ltr'><strong><em>Hae</em></strong></span> <span class='ocrx_word' id='word_1_94' title='bbox 394 1049 536 1107; x_wconf 84' lang='lat' dir='ltr'><strong><em>antiquitus</em></strong></span> <span class='ocrx_word' id='word_1_95' title='bbox 545 1063 559 1095; x_wconf 92' lang='lat' dir='ltr'><strong><em>e</em></strong></span> <span class='ocrx_word' id='word_1_96' title='bbox 569 1049 646 1096; x_wconf 85' lang='lat' dir='ltr'><strong><em>lauru</em></strong></span> <span class='ocrx_word' id='word_1_97' title='bbox 656 1054 741 1109; x_wconf 78' lang='lat' dir='ltr'><strong><em>erant3</em></strong></span> <span class='ocrx_word' id='word_1_98' title='bbox 760 1055 819 1108; x_wconf 83' lang='lat' dir='ltr'><strong><em>post</em></strong></span> <span class='ocrx_word' id='word_1_99' title='bbox 828 1050 886 1097; x_wconf 84' lang='lat' dir='ltr'><strong><em>fleri</em></strong></span> 
     </span>
     <span class='ocr_line' id='line_1_15' title="bbox 82 1117 886 1175; baseline -0.009 -10"><span class='ocrx_word' id='word_1_100' title='bbox 82 1131 116 1165; x_wconf 83' lang='lat' dir='ltr'><strong><em>ex</em></strong></span> <span class='ocrx_word' id='word_1_101' title='bbox 125 1130 189 1164; x_wconf 82' lang='lat' dir='ltr'><strong><em>euro</em></strong></span> <span class='ocrx_word' id='word_1_102' title='bbox 201 1117 317 1174; x_wconf 73' lang='lat' dir='ltr'><strong><em>coeptae.</em></strong></span> <span class='ocrx_word' id='word_1_103' title='bbox 351 1120 376 1162; x_wconf 91' lang='lat'><strong><em>8.</em></strong></span> <span class='ocrx_word' id='word_1_104' title='bbox 395 1117 568 1164; x_wconf 70' lang='lat' dir='ltr'><strong><em>obsidionalis</em></strong></span> <span class='ocrx_word' id='word_1_105' title='bbox 579 1119 626 1175; x_wconf 89' lang='lat' dir='ltr'><strong><em>est,</em></strong></span> <span class='ocrx_word' id='word_1_106' title='bbox 641 1131 716 1174; x_wconf 86' lang='lat' dir='ltr'><strong><em>qnam</em></strong></span> <span class='ocrx_word' id='word_1_107' title='bbox 725 1118 753 1175; x_wconf 87' lang='lat' dir='ltr'><strong><em>ii,</em></strong></span> <span class='ocrx_word' id='word_1_108' title='bbox 764 1117 808 1175; x_wconf 83' lang='lat' dir='ltr'><strong><em>qui</em></strong></span> <span class='ocrx_word' id='word_1_109' title='bbox 817 1117 886 1164; x_wconf 87' lang='lat' dir='ltr'><strong><em>libe.</em></strong></span> 
     </span>
     <span class='ocr_line' id='line_1_16' title="bbox 81 1182 886 1244; baseline 0 -12"><span class='ocrx_word' id='word_1_110' title='bbox 81 1184 132 1233; x_wconf 80' lang='lat' dir='ltr'><strong><em>rati</em></strong></span> <span class='ocrx_word' id='word_1_111' title='bbox 141 1185 203 1230; x_wconf 83' lang='lat' dir='ltr'><strong><em>sunt</em></strong></span> <span class='ocrx_word' id='word_1_112' title='bbox 214 1182 363 1244; x_wconf 80' lang='lat' dir='ltr'><strong><em>obsidione,</em></strong></span> <span class='ocrx_word' id='word_1_113' title='bbox 378 1182 440 1230; x_wconf 82' lang='lat' dir='ltr'><strong><em>dant</em></strong></span> <span class='ocrx_word' id='word_1_114' title='bbox 453 1184 478 1230; x_wconf 90' lang='lat' dir='ltr'><strong><em>ei</em></strong></span> <span class='ocrx_word' id='word_1_115' title='bbox 488 1182 562 1242; x_wconf 79' lang='lat' dir='ltr'><strong><em>duci,</em></strong></span> <span class='ocrx_word' id='word_1_116' title='bbox 582 1183 627 1240; x_wconf 84' lang='lat' dir='ltr'><strong><em>qui</em></strong></span> <span class='ocrx_word' id='word_1_117' title='bbox 636 1185 767 1231; x_wconf 84' lang='lat' dir='ltr'><strong><em>liberavit.</em></strong></span> <span class='ocrx_word' id='word_1_118' title='bbox 802 1187 827 1231; x_wconf 81' lang='lat' dir='ltr'><strong><em>o.</em></strong></span> <span class='ocrx_word' id='word_1_119' title='bbox 845 1184 886 1232; x_wconf 81' lang='lat' dir='ltr'><strong><em>Ea</em></strong></span> 
     </span>
     <span class='ocr_line' id='line_1_17' title="bbox 81 1250 885 1313; baseline 0.004 -16"><span class='ocrx_word' id='word_1_120' title='bbox 81 1265 179 1300; x_wconf 81' lang='lat' dir='ltr'><strong><em>ebrona</em></strong></span> <span class='ocrx_word' id='word_1_121' title='bbox 193 1250 326 1309; x_wconf 74' lang='lat' dir='ltr'><strong><em>graminea</em></strong></span> <span class='ocrx_word' id='word_1_122' title='bbox 339 1252 390 1297; x_wconf 87' lang='lat' dir='ltr'><strong><em>est:</em></strong></span> <span class='ocrx_word' id='word_1_123' title='bbox 410 1250 593 1307; x_wconf 76' lang='lat' dir='ltr'><strong><em>observarique</em></strong></span> <span class='ocrx_word' id='word_1_124' title='bbox 608 1252 723 1313; x_wconf 86' lang='lat' dir='ltr'><strong><em>solitum,</em></strong></span> <span class='ocrx_word' id='word_1_125' title='bbox 738 1253 768 1297; x_wconf 86' lang='lat' dir='ltr'><strong><em>nt</em></strong></span> <span class='ocrx_word' id='word_1_126' title='bbox 781 1251 855 1299; x_wconf 87' lang='lat' dir='ltr'><strong><em>fieret</em></strong></span> <span class='ocrx_word' id='word_1_127' title='bbox 869 1266 885 1300; x_wconf 83' lang='lat' dir='ltr'><strong><em>e</em></strong></span> 
     </span>
     <span class='ocr_line' id='line_1_18' title="bbox 80 1316 886 1379; baseline 0.002 -14"><span class='ocrx_word' id='word_1_128' title='bbox 80 1318 214 1379; x_wconf 75' lang='lat' dir='ltr'><strong><em>gramine,</em></strong></span> <span class='ocrx_word' id='word_1_129' title='bbox 233 1317 302 1374; x_wconf 80' lang='lat' dir='ltr'><strong><em>quoi</em></strong></span> <span class='ocrx_word' id='word_1_130' title='bbox 313 1316 343 1362; x_wconf 82' lang='lat' dir='ltr'><strong><em>in</em></strong></span> <span class='ocrx_word' id='word_1_131' title='bbox 352 1331 383 1363; x_wconf 92' lang='lat' dir='ltr'><strong><em>eo</em></strong></span> <span class='ocrx_word' id='word_1_132' title='bbox 393 1317 453 1365; x_wconf 85' lang='lat' dir='ltr'><strong><em>loeo</em></strong></span> <span class='ocrx_word' id='word_1_133' title='bbox 464 1318 615 1377; x_wconf 79' lang='lat' dir='ltr'><strong><em>generatum</em></strong></span> <span class='ocrx_word' id='word_1_134' title='bbox 626 1321 707 1379; x_wconf 81' lang='lat' dir='ltr'><strong><em>esset,</em></strong></span> <span class='ocrx_word' id='word_1_135' title='bbox 726 1318 795 1364; x_wconf 87' lang='lat' dir='ltr'><strong><em>intra</em></strong></span> <span class='ocrx_word' id='word_1_136' title='bbox 810 1333 886 1376; x_wconf 85' lang='lat' dir='ltr'><strong><em>quem</em></strong></span> 
     </span>
     <span class='ocr_line' id='line_1_19' title="bbox 81 1383 885 1445; baseline 0 -13"><span class='ocrx_word' id='word_1_137' title='bbox 81 1385 166 1433; x_wconf 84' lang='lat' dir='ltr'><strong><em>clausi</em></strong></span> <span class='ocrx_word' id='word_1_138' title='bbox 177 1387 261 1440; x_wconf 83' lang='lat' dir='ltr'><strong><em>erant,</em></strong></span> <span class='ocrx_word' id='word_1_139' title='bbox 272 1383 317 1441; x_wconf 83' lang='lat' dir='ltr'><strong><em>qui</em></strong></span> <span class='ocrx_word' id='word_1_140' title='bbox 325 1383 516 1431; x_wconf 82' lang='lat' dir='ltr'><strong><em>obsidebantur.</em></strong></span> <span class='ocrx_word' id='word_1_141' title='bbox 553 1388 592 1431; x_wconf 86' lang='lat'><strong><em>10.</em></strong></span> <span class='ocrx_word' id='word_1_142' title='bbox 611 1386 683 1432; x_wconf 83' lang='lat' dir='ltr'><strong><em>Hane</em></strong></span> <span class='ocrx_word' id='word_1_143' title='bbox 693 1398 814 1432; x_wconf 83' lang='lat' dir='ltr'><strong><em>coronam</em></strong></span> <span class='ocrx_word' id='word_1_144' title='bbox 824 1400 885 1445; x_wconf 79' lang='lat' dir='ltr'><strong><em>gra-</em></strong></span> 
     </span>
     <span class='ocr_line' id='line_1_20' title="bbox 79 1451 884 1511; baseline 0 -10"><span class='ocrx_word' id='word_1_145' title='bbox 79 1453 192 1501; x_wconf 84' lang='lat' dir='ltr'><strong><em>mineam</em></strong></span> <span class='ocrx_word' id='word_1_146' title='bbox 202 1455 309 1498; x_wconf 82' lang='lat' dir='ltr'><strong><em>senatus</em></strong></span> <span class='ocrx_word' id='word_1_147' title='bbox 318 1452 482 1511; x_wconf 88' lang='lat' dir='ltr'><strong><em>populusque</em></strong></span> <span class='ocrx_word' id='word_1_148' title='bbox 493 1452 624 1498; x_wconf 82' lang='lat' dir='ltr'><strong><em>Romanus</em></strong></span> <span class='ocrx_word' id='word_1_149' title='bbox 634 1453 665 1507; x_wconf 75' lang='lat' dir='ltr'><strong><em>Q.</em></strong></span> <span class='ocrx_word' id='word_1_150' title='bbox 673 1451 754 1498; x_wconf 85' lang='lat' dir='ltr'><strong><em>Fabio</em></strong></span> <span class='ocrx_word' id='word_1_151' title='bbox 766 1454 884 1501; x_wconf 81' lang='lat' dir='ltr'><strong><em>Maxime</em></strong></span> 
     </span>
     <span class='ocr_line' id='line_1_21' title="bbox 80 1518 885 1579; baseline 0.001 -12"><span class='ocrx_word' id='word_1_152' title='bbox 80 1520 153 1567; x_wconf 80' lang='lat' dir='ltr'><strong><em>dedit</em></strong></span> <span class='ocrx_word' id='word_1_153' title='bbox 165 1518 235 1565; x_wconf 86' lang='lat' dir='ltr'><strong><em>bello</em></strong></span> <span class='ocrx_word' id='word_1_154' title='bbox 250 1518 396 1564; x_wconf 87' lang='lat' dir='ltr'><strong><em>Poenorum</em></strong></span> <span class='ocrx_word' id='word_1_155' title='bbox 410 1519 538 1579; x_wconf 82' lang='lat' dir='ltr'><strong><em>seeundo,</em></strong></span> <span class='ocrx_word' id='word_1_156' title='bbox 559 1520 628 1577; x_wconf 80' lang='lat' dir='ltr'><strong><em>quoi</em></strong></span> <span class='ocrx_word' id='word_1_157' title='bbox 641 1522 728 1566; x_wconf 86' lang='lat' dir='ltr'><strong><em>urbem</em></strong></span> <span class='ocrx_word' id='word_1_158' title='bbox 743 1520 885 1568; x_wconf 84' lang='lat' dir='ltr'><strong><em>Romanam</em></strong></span> 
     </span>
     <span class='ocr_line' id='line_1_22' title="bbox 80 1585 885 1647; baseline 0.002 -14"><span class='ocrx_word' id='word_1_159' title='bbox 80 1586 218 1635; x_wconf 76' lang='lat' dir='ltr'><strong><em>obsidione</em></strong></span> <span class='ocrx_word' id='word_1_160' title='bbox 227 1585 341 1632; x_wconf 85' lang='lat' dir='ltr'><strong><em>hostium</em></strong></span> <span class='ocrx_word' id='word_1_161' title='bbox 351 1586 496 1637; x_wconf 80' lang='lat' dir='ltr'><strong><em>liberasset.</em></strong></span> <span class='ocrx_word' id='word_1_162' title='bbox 533 1590 572 1632; x_wconf 91' lang='lat'><strong><em>11.</em></strong></span> <span class='ocrx_word' id='word_1_163' title='bbox 589 1589 677 1633; x_wconf 79' lang='lat' dir='ltr'><strong><em>Civica</em></strong></span> <span class='ocrx_word' id='word_1_164' title='bbox 687 1600 784 1633; x_wconf 70' lang='lat' dir='ltr'><strong><em>emona</em></strong></span> <span class='ocrx_word' id='word_1_165' title='bbox 794 1588 885 1647; x_wconf 85' lang='lat' dir='ltr'><strong><em>appel·</em></strong></span> 
     </span>
     <span class='ocr_line' id='line_1_23' title="bbox 80 1652 884 1716; baseline -0.002 -12"><span class='ocrx_word' id='word_1_166' title='bbox 80 1655 160 1714; x_wconf 85' lang='lat' dir='ltr'><strong><em>latur,</em></strong></span> <span class='ocrx_word' id='word_1_167' title='bbox 175 1667 251 1712; x_wconf 85' lang='lat' dir='ltr'><strong><em>quam</em></strong></span> <span class='ocrx_word' id='word_1_168' title='bbox 261 1653 325 1699; x_wconf 80' lang='lat' dir='ltr'><strong><em>civis</em></strong></span> <span class='ocrx_word' id='word_1_169' title='bbox 336 1652 397 1710; x_wconf 80' lang='lat' dir='ltr'><strong><em>aivi,</em></strong></span> <span class='ocrx_word' id='word_1_170' title='bbox 411 1666 429 1699; x_wconf 82' lang='lat' dir='ltr'><strong><em>a</em></strong></span> <span class='ocrx_word' id='word_1_171' title='bbox 437 1666 489 1710; x_wconf 88' lang='lat' dir='ltr'><strong><em>quo</em></strong></span> <span class='ocrx_word' id='word_1_172' title='bbox 498 1655 617 1700; x_wconf 82' lang='lat' dir='ltr'><strong><em>servatus</em></strong></span> <span class='ocrx_word' id='word_1_173' title='bbox 628 1656 667 1700; x_wconf 86' lang='lat' dir='ltr'><strong><em>est</em></strong></span> <span class='ocrx_word' id='word_1_174' title='bbox 677 1653 704 1698; x_wconf 90' lang='lat' dir='ltr'><strong><em>in</em></strong></span> <span class='ocrx_word' id='word_1_175' title='bbox 714 1654 827 1716; x_wconf 83' lang='lat' dir='ltr'><strong><em>proelio,</em></strong></span> <span class='ocrx_word' id='word_1_176' title='bbox 844 1658 884 1702; x_wconf 87' lang='lat' dir='ltr'><strong><em>te-</em></strong></span> 
     </span>
     <span class='ocr_line' id='line_1_24' title="bbox 80 1720 899 1792; baseline -0.001 -22"><span class='ocrx_word' id='word_1_177' title='bbox 80 1726 147 1771; x_wconf 84' lang='lat' dir='ltr'><strong><em>stem</em></strong></span> <span class='ocrx_word' id='word_1_178' title='bbox 160 1721 231 1767; x_wconf 85' lang='lat' dir='ltr'><strong><em>vitae</em></strong></span> <span class='ocrx_word' id='word_1_179' title='bbox 246 1720 389 1777; x_wconf 81' lang='lat' dir='ltr'><strong><em>salutisque</em></strong></span> <span class='ocrx_word' id='word_1_180' title='bbox 404 1724 540 1778; x_wconf 80' lang='lat' dir='ltr'><strong><em>perceptae</em></strong></span> <span class='ocrx_word' id='word_1_181' title='bbox 554 1721 606 1767; x_wconf 82' lang='lat' dir='ltr'><strong><em>dat.</em></strong></span> <span class='ocrx_word' id='word_1_182' title='bbox 626 1722 666 1766; x_wconf 88' lang='lat'><strong><em>12.</em></strong></span> <span class='ocrx_word' id='word_1_183' title='bbox 680 1721 756 1769; x_wconf 86' lang='lat' dir='ltr'><strong><em>Eaiit</em></strong></span> <span class='ocrx_word' id='word_1_184' title='bbox 766 1735 781 1768; x_wconf 88' lang='lat' dir='ltr'><strong><em>e</em></strong></span> <span class='ocrx_word' id='word_1_185' title='bbox 791 1723 899 1792; x_wconf 63' lang='lat' dir='ltr'><strong><em>bonde,</em></strong></span> 
     </span>
     <span class='ocr_line' id='line_1_25' title="bbox 79 1786 884 1849; baseline 0.001 -14"><span class='ocrx_word' id='word_1_186' title='bbox 79 1802 191 1849; x_wconf 79' lang='lat' dir='ltr'><strong><em>querna,</em></strong></span> <span class='ocrx_word' id='word_1_187' title='bbox 207 1787 329 1845; x_wconf 82' lang='lat' dir='ltr'><strong><em>quoniam</em></strong></span> <span class='ocrx_word' id='word_1_188' title='bbox 341 1786 412 1834; x_wconf 80' lang='lat' dir='ltr'><strong><em>ribus</em></strong></span> <span class='ocrx_word' id='word_1_189' title='bbox 422 1788 557 1844; x_wconf 79' lang='lat' dir='ltr'><strong><em>vietusque</em></strong></span> <span class='ocrx_word' id='word_1_190' title='bbox 565 1788 761 1846; x_wconf 84' lang='lat' dir='ltr'><strong><em>antiquissimus</em></strong></span> <span class='ocrx_word' id='word_1_191' title='bbox 770 1802 884 1846; x_wconf 81' lang='lat' dir='ltr'><strong><em>quernus</em></strong></span> 
     </span>
     <span class='ocr_line' id='line_1_26' title="bbox 79 1854 884 1916; baseline -0.002 -12"><span class='ocrx_word' id='word_1_192' title='bbox 79 1856 140 1916; x_wconf 81' lang='lat' dir='ltr'><strong><em>capi</em></strong></span> <span class='ocrx_word' id='word_1_193' title='bbox 159 1854 269 1902; x_wconf 84' lang='lat' dir='ltr'><strong><em>solitus:</em></strong></span> <span class='ocrx_word' id='word_1_194' title='bbox 287 1855 315 1899; x_wconf 84' lang='lat' dir='ltr'><strong><em>tit</em></strong></span> <span class='ocrx_word' id='word_1_195' title='bbox 333 1854 412 1901; x_wconf 82' lang='lat' dir='ltr'><strong><em>etiam</em></strong></span> <span class='ocrx_word' id='word_1_196' title='bbox 426 1867 461 1902; x_wconf 83' lang='lat' dir='ltr'><strong><em>ex</em></strong></span> <span class='ocrx_word' id='word_1_197' title='bbox 476 1854 550 1916; x_wconf 84' lang='lat' dir='ltr'><strong><em>iliee;</em></strong></span> <span class='ocrx_word' id='word_1_198' title='bbox 571 1856 641 1913; x_wconf 81' lang='lat' dir='ltr'><strong><em>quoi</em></strong></span> <span class='ocrx_word' id='word_1_199' title='bbox 655 1869 736 1915; x_wconf 75' lang='lat' dir='ltr'><strong><em>genus</em></strong></span> <span class='ocrx_word' id='word_1_200' title='bbox 751 1856 884 1915; x_wconf 84' lang='lat' dir='ltr'><strong><em>superiori</em></strong></span> 
     </span>
     <span class='ocr_line' id='line_1_27' title="bbox 76 1920 884 1984; baseline 0 -12"><span class='ocrx_word' id='word_1_201' title='bbox 76 1922 229 1984; x_wconf 83' lang='lat' dir='ltr'><strong><em>proximum</em></strong></span> <span class='ocrx_word' id='word_1_202' title='bbox 239 1924 291 1980; x_wconf 85' lang='lat' dir='ltr'><strong><em>est,</em></strong></span> <span class='ocrx_word' id='word_1_203' title='bbox 310 1920 388 1968; x_wconf 87' lang='lat' dir='ltr'><strong><em>sieuti</em></strong></span> <span class='ocrx_word' id='word_1_204' title='bbox 402 1920 527 1984; x_wconf 84' lang='lat' dir='ltr'><strong><em>seriptum</em></strong></span> <span class='ocrx_word' id='word_1_205' title='bbox 539 1924 581 1970; x_wconf 85' lang='lat' dir='ltr'><strong><em>est</em></strong></span> <span class='ocrx_word' id='word_1_206' title='bbox 592 1922 621 1969; x_wconf 88' lang='lat' dir='ltr'><strong><em>in</em></strong></span> <span class='ocrx_word' id='word_1_207' title='bbox 631 1924 740 1981; x_wconf 78' lang='lat' dir='ltr'><strong><em>quadam</em></strong></span> <span class='ocrx_word' id='word_1_208' title='bbox 748 1922 884 1972; x_wconf 77' lang='lat' dir='ltr'><strong><em>comoedis</em></strong></span> 
     </span>
     <span class='ocr_line' id='line_1_28' title="bbox 78 1989 206 2038; baseline -0.023 0"><span class='ocrx_word' id='word_1_209' title='bbox 78 1989 206 2038; x_wconf 75' lang='lat' dir='ltr'><strong><em>Caecilii:</em></strong></span> 
     </span>
    </p>

    <p class='ocr_par' dir='ltr' id='par_1_5' title="bbox 110 2054 884 2118">
     <span class='ocr_line' id='line_1_29' title="bbox 110 2054 884 2118; baseline -0.001 -13"><span class='ocrx_word' id='word_1_210' title='bbox 110 2059 144 2105; x_wconf 77' lang='lat' dir='ltr'><strong><em>A.</em></strong></span> <span class='ocrx_word' id='word_1_211' title='bbox 153 2054 487 2115; x_wconf 70' lang='lat' dir='ltr'><strong><em>adsensurus,inquit,eom</em></strong></span> <span class='ocrx_word' id='word_1_212' title='bbox 495 2056 593 2117; x_wconf 78' lang='lat' dir='ltr'><strong><em>ilignea</em></strong></span> <span class='ocrx_word' id='word_1_213' title='bbox 601 2070 699 2105; x_wconf 76' lang='lat' dir='ltr'><strong><em>borona</em></strong></span> <span class='ocrx_word' id='word_1_214' title='bbox 707 2056 884 2118; x_wconf 72' lang='lat' dir='ltr'><strong><em>etelilaneyde.</em></strong></span> 
     </span>
    </p>

    <p class='ocr_par' dir='ltr' id='par_1_6' title="bbox 72 2119 884 2726">
     <span class='ocr_line' id='line_1_30' title="bbox 489 2119 791 2182; baseline 0 -14"><span class='ocrx_word' id='word_1_215' title='bbox 489 2124 517 2168; x_wconf 89' lang='lat' dir='ltr'><strong><em>B.</em></strong></span> <span class='ocrx_word' id='word_1_216' title='bbox 527 2124 567 2169; x_wconf 84' lang='lat' dir='ltr'><strong><em>Di</em></strong></span> <span class='ocrx_word' id='word_1_217' title='bbox 574 2119 791 2182; x_wconf 82' lang='lat' dir='ltr'><strong><em>nostranefidenel</em></strong></span> 
     </span>
     <span class='ocr_line' id='line_1_31' title="bbox 77 2187 882 2239; baseline 0.001 -1"><span class='ocrx_word' id='word_1_218' title='bbox 77 2191 121 2238; x_wconf 76' lang='lat'><strong><em>13.</em></strong></span> <span class='ocrx_word' id='word_1_219' title='bbox 135 2187 282 2237; x_wconf 69' lang='lat' dir='ltr'><strong><em>Massurius</em></strong></span> <span class='ocrx_word' id='word_1_220' title='bbox 293 2189 497 2236; x_wconf 82' lang='lat' dir='ltr'><strong><em>autemsabinus</em></strong></span> <span class='ocrx_word' id='word_1_221' title='bbox 509 2191 536 2236; x_wconf 91' lang='lat' dir='ltr'><strong><em>in</em></strong></span> <span class='ocrx_word' id='word_1_222' title='bbox 545 2190 682 2237; x_wconf 83' lang='lat' dir='ltr'><strong><em>undecimo</em></strong></span> <span class='ocrx_word' id='word_1_223' title='bbox 693 2192 820 2237; x_wconf 86' lang='lat' dir='ltr'><strong><em>librorum</em></strong></span> <span class='ocrx_word' id='word_1_224' title='bbox 827 2205 882 2239; x_wconf 89' lang='lat' dir='ltr'><strong><em>me·</em></strong></span> 
     </span>
     <span class='ocr_line' id='line_1_32' title="bbox 75 2255 883 2313; baseline 0 -7"><span class='ocrx_word' id='word_1_225' title='bbox 75 2255 231 2306; x_wconf 79' lang='lat' dir='ltr'><strong><em>mortalium</em></strong></span> <span class='ocrx_word' id='word_1_226' title='bbox 240 2255 348 2303; x_wconf 87' lang='lat' dir='ltr'><strong><em>eivieam</em></strong></span> <span class='ocrx_word' id='word_1_227' title='bbox 357 2258 542 2304; x_wconf 70' lang='lat' dir='ltr'><strong><em>coronantium</em></strong></span> <span class='ocrx_word' id='word_1_228' title='bbox 553 2257 609 2305; x_wconf 81' lang='lat' dir='ltr'><strong><em>dari</em></strong></span> <span class='ocrx_word' id='word_1_229' title='bbox 620 2258 725 2304; x_wconf 82' lang='lat' dir='ltr'><strong><em>solitam</em></strong></span> <span class='ocrx_word' id='word_1_230' title='bbox 735 2258 808 2313; x_wconf 80' lang='lat' dir='ltr'><strong><em>dicit,</em></strong></span> <span class='ocrx_word' id='word_1_231' title='bbox 824 2273 883 2306; x_wconf 77' lang='lat' dir='ltr'><strong><em>enm</em></strong></span> 
     </span>
     <span class='ocr_line' id='line_1_33' title="bbox 75 2323 883 2385; baseline 0 -12"><span class='ocrx_word' id='word_1_232' title='bbox 75 2324 114 2383; x_wconf 84' lang='lat' dir='ltr'><strong><em>is,</em></strong></span> <span class='ocrx_word' id='word_1_233' title='bbox 131 2323 176 2381; x_wconf 89' lang='lat' dir='ltr'><strong><em>qni</em></strong></span> <span class='ocrx_word' id='word_1_234' title='bbox 191 2323 275 2370; x_wconf 79' lang='lat' dir='ltr'><strong><em>civem</em></strong></span> <span class='ocrx_word' id='word_1_235' title='bbox 284 2327 449 2385; x_wconf 78' lang='lat' dir='ltr'><strong><em>servaverat,</em></strong></span> <span class='ocrx_word' id='word_1_236' title='bbox 468 2326 559 2372; x_wconf 78' lang='lat' dir='ltr'><strong><em>eodem</em></strong></span> <span class='ocrx_word' id='word_1_237' title='bbox 570 2328 684 2384; x_wconf 81' lang='lat' dir='ltr'><strong><em>tempore</em></strong></span> <span class='ocrx_word' id='word_1_238' title='bbox 694 2325 773 2371; x_wconf 86' lang='lat' dir='ltr'><strong><em>etiam</em></strong></span> <span class='ocrx_word' id='word_1_239' title='bbox 780 2325 883 2373; x_wconf 83' lang='lat' dir='ltr'><strong><em>hostem</em></strong></span> 
     </span>
     <span class='ocr_line' id='line_1_34' title="bbox 75 2391 883 2453; baseline 0.001 -14"><span class='ocrx_word' id='word_1_240' title='bbox 75 2391 225 2453; x_wconf 77' lang='lat' dir='ltr'><strong><em>occiderat,</em></strong></span> <span class='ocrx_word' id='word_1_241' title='bbox 241 2404 326 2449; x_wconf 84' lang='lat' dir='ltr'><strong><em>neque</em></strong></span> <span class='ocrx_word' id='word_1_242' title='bbox 339 2392 426 2437; x_wconf 86' lang='lat' dir='ltr'><strong><em>locum</em></strong></span> <span class='ocrx_word' id='word_1_243' title='bbox 439 2392 468 2438; x_wconf 82' lang='lat' dir='ltr'><strong><em>in</em></strong></span> <span class='ocrx_word' id='word_1_244' title='bbox 484 2406 514 2438; x_wconf 84' lang='lat' dir='ltr'><strong><em>ea</em></strong></span> <span class='ocrx_word' id='word_1_245' title='bbox 528 2404 614 2450; x_wconf 77' lang='lat' dir='ltr'><strong><em>pugna</em></strong></span> <span class='ocrx_word' id='word_1_246' title='bbox 627 2392 782 2450; x_wconf 84' lang='lat' dir='ltr'><strong><em>reliquerat:</em></strong></span> <span class='ocrx_word' id='word_1_247' title='bbox 803 2393 883 2440; x_wconf 86' lang='lat' dir='ltr'><strong><em>aliter</em></strong></span> 
     </span>
     <span class='ocr_line' id='line_1_35' title="bbox 74 2457 882 2518; baseline 0.001 -13"><span class='ocrx_word' id='word_1_248' title='bbox 74 2458 119 2506; x_wconf 85' lang='lat' dir='ltr'><strong><em>ius</em></strong></span> <span class='ocrx_word' id='word_1_249' title='bbox 131 2457 229 2505; x_wconf 82' lang='lat' dir='ltr'><strong><em>eivisae</em></strong></span> <span class='ocrx_word' id='word_1_250' title='bbox 240 2471 353 2505; x_wconf 84' lang='lat' dir='ltr'><strong><em>coronae</em></strong></span> <span class='ocrx_word' id='word_1_251' title='bbox 363 2462 440 2518; x_wconf 79' lang='lat' dir='ltr'><strong><em>negat</em></strong></span> <span class='ocrx_word' id='word_1_252' title='bbox 450 2472 608 2506; x_wconf 82' lang='lat' dir='ltr'><strong><em>concessum.</em></strong></span> <span class='ocrx_word' id='word_1_253' title='bbox 647 2463 684 2504; x_wconf 76' lang='lat'><strong><em>14.</em></strong></span> <span class='ocrx_word' id='word_1_254' title='bbox 699 2459 831 2505; x_wconf 82' lang='lat' dir='ltr'><strong><em>Tiberium</em></strong></span> <span class='ocrx_word' id='word_1_255' title='bbox 842 2463 882 2507; x_wconf 83' lang='lat' dir='ltr'><strong><em>ta·</em></strong></span> 
     </span>
     <span class='ocr_line' id='line_1_36' title="bbox 72 2525 883 2584; baseline 0 -10"><span class='ocrx_word' id='word_1_256' title='bbox 72 2539 137 2574; x_wconf 78' lang='lat' dir='ltr'><strong><em>nien</em></strong></span> <span class='ocrx_word' id='word_1_257' title='bbox 150 2525 287 2573; x_wconf 82' lang='lat' dir='ltr'><strong><em>Caesarem</em></strong></span> <span class='ocrx_word' id='word_1_258' title='bbox 301 2528 462 2584; x_wconf 78' lang='lat' dir='ltr'><strong><em>consultum,</em></strong></span> <span class='ocrx_word' id='word_1_259' title='bbox 479 2538 514 2572; x_wconf 83' lang='lat' dir='ltr'><strong><em>an</em></strong></span> <span class='ocrx_word' id='word_1_260' title='bbox 529 2526 637 2572; x_wconf 78' lang='lat' dir='ltr'><strong><em>civicam</em></strong></span> <span class='ocrx_word' id='word_1_261' title='bbox 650 2539 773 2572; x_wconf 85' lang='lat' dir='ltr'><strong><em>eoronam</em></strong></span> <span class='ocrx_word' id='word_1_262' title='bbox 788 2539 883 2584; x_wconf 81' lang='lat' dir='ltr'><strong><em>capere</em></strong></span> 
     </span>
     <span class='ocr_line' id='line_1_37' title="bbox 73 2592 884 2652; baseline 0.002 -15"><span class='ocrx_word' id='word_1_263' title='bbox 73 2595 180 2651; x_wconf 83' lang='lat' dir='ltr'><strong><em>posset,</em></strong></span> <span class='ocrx_word' id='word_1_264' title='bbox 193 2592 238 2652; x_wconf 86' lang='lat' dir='ltr'><strong><em>qui</em></strong></span> <span class='ocrx_word' id='word_1_265' title='bbox 248 2593 329 2640; x_wconf 76' lang='lat' dir='ltr'><strong><em>civem</em></strong></span> <span class='ocrx_word' id='word_1_266' title='bbox 339 2594 368 2639; x_wconf 89' lang='lat' dir='ltr'><strong><em>in</em></strong></span> <span class='ocrx_word' id='word_1_267' title='bbox 378 2593 481 2652; x_wconf 85' lang='lat' dir='ltr'><strong><em>proelio</em></strong></span> <span class='ocrx_word' id='word_1_268' title='bbox 492 2597 636 2650; x_wconf 84' lang='lat' dir='ltr'><strong><em>servasset,</em></strong></span> <span class='ocrx_word' id='word_1_269' title='bbox 653 2598 680 2639; x_wconf 83' lang='lat' dir='ltr'><strong><em>et</em></strong></span> <span class='ocrx_word' id='word_1_270' title='bbox 688 2593 776 2639; x_wconf 84' lang='lat' dir='ltr'><strong><em>hostes</em></strong></span> <span class='ocrx_word' id='word_1_271' title='bbox 787 2593 884 2639; x_wconf 83' lang='lat' dir='ltr'><strong><em>ibidem</em></strong></span> 
     </span>
     <span class='ocr_line' id='line_1_38' title="bbox 74 2658 883 2726; baseline -0.004 -19"><span class='ocrx_word' id='word_1_272' title='bbox 74 2661 144 2707; x_wconf 77' lang='lat' dir='ltr'><strong><em>duos</em></strong></span> <span class='ocrx_word' id='word_1_273' title='bbox 153 2659 337 2726; x_wconf 77' lang='lat' dir='ltr'><strong><em>interfecisset,</em></strong></span> <span class='ocrx_word' id='word_1_274' title='bbox 348 2661 396 2710; x_wconf 82' lang='lat' dir='ltr'><strong><em>ned</em></strong></span> <span class='ocrx_word' id='word_1_275' title='bbox 404 2661 540 2724; x_wconf 53' lang='lat' dir='ltr'><strong><em>insanin</em></strong></span> <span class='ocrx_word' id='word_1_276' title='bbox 547 2675 598 2719; x_wconf 87' lang='lat' dir='ltr'><strong><em>quo</em></strong></span> <span class='ocrx_word' id='word_1_277' title='bbox 607 2663 746 2720; x_wconf 78' lang='lat' dir='ltr'><strong><em>pugnabat,</em></strong></span> <span class='ocrx_word' id='word_1_278' title='bbox 756 2672 810 2705; x_wconf 91' lang='lat' dir='ltr'><strong><em>non</em></strong></span> <span class='ocrx_word' id='word_1_279' title='bbox 819 2658 883 2705; x_wconf 85' lang='lat' dir='ltr'><strong><em>reti-</em></strong></span> 
     </span>
    </p>
   </div>
   <div class='ocr_carea' id='block_1_4' title="bbox 0 0 1038 3034">
    <p class='ocr_par' dir='ltr' id='par_1_7' title="bbox 0 0 1038 3034">
     <span class='ocr_line' id='line_1_39' title="bbox 0 0 1038 3034; baseline 0 0"><span class='ocrx_word' id='word_1_280' title='bbox 0 0 1038 3034; x_wconf 95' lang='lat' dir='ltr'><strong><em> </em></strong></span> 
     </span>
    </p>
   </div>
  </div>
 </body>
</html>
