2067 3034
292 145 373 193 ula.
394 145 481 194 xrrr.
500 123 608 193 ‘cra
625 148 666 195 aa.
831 145 884 201 213

74 260 177 319 faeiem
191 277 249 312 esse
263 264 380 311 hominis
393 267 485 322 putant
498 278 528 311 os
543 267 644 311 tantm
658 267 686 313 et
699 267 790 313 oeulos
800 267 827 313 et
836 282 883 327 ge-

80 347 141 393 nas,
161 333 230 391 qued
245 332 337 378 Graeci
351 327 487 394 πρόσωπον
500 332 601 379 dicunt:
624 334 727 390 quando
738 334 830 395 facies
849 335 884 382 sit

81 402 167 447 turma
177 398 306 453 umuis‚·et
315 398 418 463 modus,
434 403 460 446 et
470 402 570 446 tactura
580 402 703 459 quaedam
714 401 833 459 eorporis
842 406 884 449 te·
946 416 950 422 ’

79 468 142 522 tius,
153 480 169 512 a
171 467 300 527 faciendo
312 466 393 524 dieta3
413 470 442 513 ut
451 469 482 512 ab
490 473 600 526 aspectu
609 470 716 528 speeies,
727 470 753 514 et
762 481 778 513 a
781 466 885 528 fingen-

80 530 225 592 defigam.
262 535 284 578 3.
302 535 391 590 ltaque
405 534 533 579 Pacuvius
548 534 575 580 in
591 535 737 592 tragoedia,
757 549 822 592 quae
836 535 884 582 Ni·

80 607 141 660 ptra
151 600 310 659 inscribitur,
313 600 416 661 faciem
426 601 494 647 dixit
503 601 613 650 leontinis
627 615 676 660 pru
692 602 810 661 corporis
825 604 885 649 ian·

80 667 210 727 gitudine:

114 732 217 797 Aetate,
232 733 324 794 iuquit,
338 736 452 795 integra,
461 737 669 799 serom't'ageaia
678 737 757 798 faeie
764 751 881 796 procera

495 817 587 848 virum.
666 829 669 834 <

82 873 109 915 i.
120 872 187 917 Non
200 869 284 915 selum
294 871 380 914 autem
391 868 420 914 ia
428 868 559 915 hominum
570 870 735 928 corporibus,
751 871 883 920 sedetiam

83 937 112 982 iu
125 949 212 983 rerum
225 936 420 993 cuiusquemodi
434 937 558 992 aliarum,
571 937 662 997 facies
680 937 780 983 dieitur.
817 941 883 986 Nam

14 1015 18 1022 ’
82 1007 174 1050 montis
188 1006 214 1049 et
228 1004 296 1048 coeli
308 1006 334 1048 et
347 1007 429 1050 inuris
437 1004 540 1064 facies,
560 1003 582 1049 si
600 1003 750 1062 tempestive
772 1004 883 1063 dicatur,

82 1073 164 1130 prebe
181 1070 284 1117 dieitur.
319 1073 343 1115 5.
362 1070 483 1116 Sallustii
496 1073 576 1117 verba
590 1073 650 1117 suut
663 1085 698 1117 ex
707 1071 824 1118 Historia
840 1084 882 1118 se-

83 1137 179 1185 euuda:
200 1139 327 1185 Sardinia
337 1140 363 1183 ia
372 1136 464 1198 Africo
475 1142 558 1195 mari,
566 1138 642 1198 facie
652 1140 757 1198 vestigii
764 1138 882 1195 humani,

81 1208 110 1253 in
121 1206 252 1252 Orientem
262 1218 338 1265 quam
347 1207 374 1250 in
386 1205 545 1252 Occidentem
555 1206 637 1251 latior
643 1208 779 1263 prominet.
797 1209 821 1251 t.
831 1207 883 1253 Ec·

84 1285 114 1319 ee
125 1278 208 1318 sutem
219 1271 245 1316 id
254 1284 354 1329 quoque
368 1272 396 1318 in
404 1276 515 1319 mentem
529 1272 702 1333 veuit‚‘quod
717 1273 794 1319 etiam
803 1274 883 1319 Plau·

83 1342 125 1386 tus
135 1339 162 1385 in
172 1340 289 1385 Paenula
294 1340 397 1400 faeiem
407 1353 453 1397 pra
464 1339 546 1385 totius
557 1340 673 1399 eorporis
680 1340 826 1399 colorisque
836 1339 883 1385 ha·

82 1407 139 1453 bitu
150 1406 227 1452 uixit,
264 1408 347 1451 Verba
356 1405 444 1452 Plauti
453 1407 516 1452 haec
526 1410 597 1471 suut:

118 1469 177 1536 [u]
198 1474 251 1518 Sed
260 1486 351 1519 earum
360 1476 453 1520 nutrix
462 1488 515 1533 qua
527 1477 563 1519 sii
565 1476 651 1536 faeie,
661 1475 724 1520 milii
733 1474 836 1534 expedi.

117 1536 178 1604 [M.]
207 1540 323 1587 Statura
345 1536 449 1604 [haud]
469 1555 579 1600 magna,
598 1556 708 1600 corpore
730 1544 817 1603 aquilo
837 1547 884 1602 ἐἰς

498 1604 562 1671 {li-lv
574 1612 634 1668 ipra
644 1623 677 1655 au
689 1615 728 1657 ’aa

117 1669 179 1738 [Μ.]
203 1675 295 1734 Specie
308 1682 433 1737 venusta,
455 1689 501 1723 ore
512 1690 614 1737 parvo,
635 1682 712 1738 atque
726 1677 807 1724 oeulis
820 1690 883 1736 per·

493 1746 584 1804 nigris.
866 1791 869 1796 .

117 1803 176 1871 [HJ
191 1807 315 1856 Formam
325 1811 427 1870 quidem
435 1810 523 1857 herde
532 1812 618 1859 verbis
628 1812 749 1870 depinxti
753 1811 844 1869 prode.

81 1876 106 1921 ⁴1.
124 1876 263 1923 Praeterea
271 1877 384 1936 memini,
395 1877 595 1936 Quadrigarium
604 1878 632 1924 in
642 1877 883 1940 undecimufacieai

80 1954 130 2002 pru
141 1944 242 1991 statura
251 1943 380 2003 totiusque
390 1944 509 2006 eorporis
519 1946 600 2004 figura
610 1944 719 1992 dixisse.

326 2077 511 2129 CAPUT
544 2077 642 2128 XXX.

116 2142 216 2194 fluidsit
225 2141 341 2202 insatyra
348 2144 385 2189 Μ.
397 2144 523 2188 Varronis:
543 2145 676 2188 caninum
686 2144 849 2198 prandiam

117 2222 143 2267 1.
162 2221 295 2269 laudabat
308 2221 505 2280 venditabatque
520 2235 548 2268 se
566 2234 648 2279 nuper
662 2218 789 2278 quispiam
805 2217 835 2263 in
848 2216 882 2262 li-

80 2287 173 2338 braria
182 2290 283 2347 sedeas,
297 2289 374 2335 homo
383 2289 473 2346 inepte
481 2289 622 2347 giuriosus,
637 2291 757 2344 unquam
766 2297 831 2331 unus
842 2298 884 2330 es-

84 2358 126 2401 set
145 2357 193 2401 sub
208 2357 279 2402 omni
293 2356 368 2402 coelo
386 2358 529 2413 satyrarum
543 2358 579 2401 Μ.
595 2355 721 2400 Varronis
739 2354 883 2412 enarratur,

83 2434 148 2480 quas
163 2424 258 2481 partim
273 2423 395 2482 Cynicas,
416 2422 462 2468 aiii
476 2422 627 2480 Menippeas
642 2420 785 2479 appeliant:
805 2419 831 2464 et
845 2417 885 2463 ia-

84 2488 172 2537 ciebat
186 2491 247 2544 iude
261 2491 384 2549 quaedam
405 2502 458 2535 nun
476 2490 610 2535 admodum
626 2488 755 2546 diflicilia,
775 2486 886 2541 adquae

85 2554 251 2604 euuiicieuda
265 2558 397 2616 adspirare
407 2569 483 2616 posse
492 2556 620 2604 neminem
636 2556 743 2602 dicebat.
778 2557 802 2598 2.
821 2554 888 2598 Tum

84 2624 157 2670 turta
177 2638 235 2671 eum
253 2638 301 2684 ego
322 2626 416 2671 librum
430 2637 463 2672 ex
478 2623 570 2670 iisdem
590 2624 683 2683 satyris
699 2623 823 2674 ferebam,
843 2619 888 2676 qui

81 2684 226 2753 ‘deondav
235 2691 375 2751 inscriptus
386 2695 434 2741 est.
471 2693 495 2739 3.
504 2691 626 2750 ΔΡῐοιιὶιιι
636 2692 715 2750 igitur
725 2685 832 2746 accessi,
848 2689 888 2732 et:
