2067 3034
318 122 392 169 nm.
411 122 449 167 11.
484 119 564 167 osa.
582 123 607 169 a.
831 123 868 178 45

87 236 213 291 Πολλᾶκι
223 236 267 287 καὶ
276 229 396 302 νηπωρός
406 227 469 302 οἶνὴρ
479 233 552 300 μάλα
561 233 662 302 καίριον
671 233 750 287 εἶπεν.

54 329 96 374 lo.
114 325 170 374 Sed
184 323 255 370 enim
267 322 311 380 qui
325 321 397 368 omni
409 321 437 367 in
449 333 478 368 re
492 324 569 379 atque
583 322 654 369 omni
664 325 867 382 temporelaude

54 392 127 442 omni
147 393 242 450 vacat,
262 390 285 436 is
300 389 444 436 illaudatus
456 390 507 446 est;
526 389 600 447 isque
614 389 727 436 omnium
741 392 866 449 pessimus

51 458 264 514 deterrimusque
272 459 325 515 est3
341 454 418 502 sicuti
428 455 512 502 omnis
524 456 615 514 eulpae
625 457 738 515 privatio
748 458 867 518 ineulpa-

51 531 108 574 tom
118 526 194 573 lacit.
231 524 382 582 luculpatus
397 524 482 568 autem
494 523 579 569 instar
588 526 628 569 est
637 524 774 572 absolutae
783 526 866 573 virtu·

50 595 99 652 tis3
121 591 270 640 illaudatus
280 590 361 649 igitur
371 601 470 647 quoque
480 590 538 637 luis
548 592 589 637 est
598 594 729 638 extremae
738 593 863 639 malitiae.

48 663 92 708 ll.
101 663 198 717 itaque
209 659 338 704 Homerus
347 669 402 703 non
410 656 549 703 virtutibus
560 658 730 718 appellandis,
737 660 783 706 sed
792 660 864 707 vitiis

51 726 225 774 detrahendis
234 724 343 771 laudare
354 722 474 782 ampliter
483 724 562 770 solet.
596 726 654 772 Hoc
663 725 732 772 enim
742 730 793 775 est:

118 830 156 842 -
165 829 201 841 ·-·
209 829 245 842 ·-
254 797 332 851 Ηῦδα
341 796 435 867 μάντις
445 796 565 867 ἀμύμων.

116 964 154 976 -
164 963 200 978 ·-
208 964 244 974 -
257 931 299 986 Tol
311 930 339 986 δ’
351 931 397 985 οὖν
404 927 504 984 daona
510 936 652 1000 πετέσθην.

48 1025 84 1073 nt
91 1024 158 1072 item
169 1022 251 1070 illud:

51 1148 55 1151 .
76 1096 161 1150 'Euo'
176 1095 224 1149 otia
234 1096 267 1148 οἳν
276 1097 400 1166 βρίζοντα
407 1094 659 1166 ἴδοιςἍγσμέμνσνα
669 1097 734 1159 δῖον,

85 1164 157 1217 Οὐδὲ
169 1162 393 1227 καταπτώσσοντ’,
404 1161 460 1216 οὐδ’
472 1162 518 1216 οὐκ
529 1166 657 1216 ἐθέλοντα
665 1165 811 1233 μάχεσθαι.

48 1254 91 1300 12.
109 1250 245 1311 Epicurus
259 1267 359 1313 quoque
374 1251 454 1300 simili
466 1253 544 1301 modo
554 1253 692 1301 maximam
701 1255 862 1313 voluptatem

48 1320 245 1369 detractionem
254 1321 478 1380 privationemque
487 1320 571 1367 omnis
582 1321 681 1375 doloris
692 1322 808 1369 delinivit
820 1322 861 1370 his

49 1388 152 1438 verbis:
169 1379 247 1450 Ὄρος
262 1385 310 1434 τοῦ
326 1386 458 1449 μεγέθους
471 1384 524 1433 τῶν
540 1380 653 1446 ἡδονῶν,
672 1383 688 1448 ἡ
703 1382 800 1441 παντὸς
815 1390 864 1435 τοῦ

49 1449 199 1516 ἀλγοῦντος
211 1445 378 1514 ὑπεξαίρεσις.
415 1456 455 1501 ld.
473 1454 571 1501 Eadem
583 1456 685 1503 ratione
698 1455 766 1503 idem
775 1457 863 1516 Virgi-

47 1523 104 1569 lius
113 1522 287 1569 saumonem
297 1521 368 1569 dixit
377 1522 496 1582 Stygiam
505 1523 636 1582 paludem.
665 1526 703 1569 14.
721 1525 787 1571 Nam
796 1524 864 1571 siout

47 1591 217 1637 illaudatam
234 1583 298 1634 eard
316 1588 404 1635 landis
417 1587 548 1652 στέρησιν,
568 1589 606 1637 ita
618 1591 785 1637 immobilem
798 1586 863 1637 κατὰ

48 1656 151 1705 amoris
163 1655 286 1719 στέρησιν
293 1656 438 1703 detestatus
453 1658 502 1702 ast.
539 1658 580 1703 15.
597 1657 689 1704 Altero
697 1658 775 1705 modo
786 1659 864 1704 illau-

48 1728 129 1773 datus
140 1725 181 1771 ita
191 1723 352 1771 defenditur.
386 1724 428 1769 lo.
446 1722 573 1770 hedure
582 1724 709 1783 signifieat
718 1726 803 1784 prisea
811 1725 864 1771 lin·

50 1807 101 1853 gua
109 1791 254 1839 nominare
264 1790 457 1849 appellataque.
493 1791 538 1837 Sic
550 1790 579 1837 iu
588 1792 733 1839 actionibus
743 1792 864 1838 civilibus

47 1862 146 1908 auctor
163 1859 276 1905 laudan·
289 1857 395 1917 dieitur,
414 1856 484 1915 qnod
497 1858 685 1906 estnominari.
713 1860 759 1905 ll.
777 1859 864 1905 lllau·

51 1929 133 1974 dotus
152 1925 227 1972 enim
243 1927 285 1971 est
297 1926 371 1984 qnasi
383 1926 560 1981 illaudabilis,
578 1925 623 1984 qui
636 1939 719 1984 neque
732 1925 865 1972 mentione

52 1998 98 2042 sut
104 1993 239 2041 memoria
247 1992 304 2039 ulla
314 1993 414 2053 dignus,
421 2006 505 2051 neque
513 2005 626 2049 unquam
633 1992 804 2041 nominandus
814 1997 864 2039 est.

53 2063 93 2108 1⁸.
108 2060 200 2108 Sicuti
214 2059 344 2117 quondam
356 2073 373 2107 a
386 2059 513 2108 communi
523 2059 635 2107 consilio
645 2060 724 2106 Asiae
734 2059 865 2107 decretum

52 2133 107 2188 est,
120 2126 167 2175 utl
177 2139 273 2174 nomen
283 2126 354 2183 eius,
373 2127 419 2185 qui
427 2126 551 2185 templum
560 2127 660 2173 Dianae
669 2125 767 2185 Ephesi
776 2127 865 2176 ineen-

51 2195 142 2257 ἆσαι,
162 2207 197 2240 ne
213 2193 270 2252 quis
283 2193 341 2240 ullo
357 2190 407 2258 [in]
421 2196 537 2252 tempore
550 2194 704 2242 nominaret.
741 2196 781 2242 19.
800 2196 865 2244 Ter·

52 2263 117 2310 tium
131 2264 222 2310 restat
234 2273 269 2308 ex
284 2260 326 2317 iis,
346 2275 412 2319 quae
420 2259 578 2320 reprehensa
586 2263 654 2319 sunt,
673 2261 742 2318 quod
752 2264 865 2308 tesiam

52 2331 221 2392 squalentem
234 2341 302 2375 aare
312 2328 390 2376 dixit.
423 2330 466 2375 20.
484 2327 514 2374 ld
525 2328 611 2375 autem
621 2328 753 2387 signifieat
764 2329 865 2387 copiam

53 2397 265 2452 densitatemque
291 2395 351 2441 auri
378 2395 406 2452 in
431 2407 598 2454 squamarum
623 2395 736 2453 speeiem
759 2394 865 2443 intexti.
923 2410 929 2417 ·

54 2463 185 2526 Spatalen
196 2462 268 2510 enim
278 2462 374 2508 dietum
382 2463 423 2509 est
431 2475 447 2508 a
460 2474 628 2522 quomam
642 2461 779 2510 crebritate
791 2475 866 2521 aspe-

53 2532 195 2592 ritateque,
210 2543 276 2590 quae
286 2529 315 2576 in
324 2530 472 2588 serpentum
481 2527 640 2588 pisciumque
649 2528 727 2576 coriis
737 2529 864 2575 visantur.

11 2686 13 2695 .
52 2599 269 2715 mutim?
283 2596 383 2659 etalii,
396 2598 424 2644 et
435 2593 478 2644 hie
488 2594 592 2654 quidem
599 2595 680 2657 poita
689 2594 755 2643 loeis
764 2594 867 2650 aliquot

916 95 928 120 A
