2067 3034
177 101 229 155 398
421 108 529 157 AULI
565 106 725 154 GELLII

432 223 619 275 CAPUT
654 222 721 276 XV.

204 292 270 343 Quod
283 291 409 335 Carneades
421 290 570 334 Academicus
585 289 715 334 elleboro
731 290 878 334 stomaclrsmc
892 303 980 349 pergn-

230 350 273 399 os't,
288 348 414 404 scripum
428 351 533 389 adversm
548 347 644 389 Zenonis
653 345 730 389 stoici
739 351 844 390 decreta:
864 347 933 407 deque
941 364 981 392 ssa·

232 412 286 448 turo
296 406 422 460 medelaque
432 402 527 446 ellebori
535 402 627 446 candidi
635 409 657 445 et
666 402 735 456 nigri.

210 466 234 513 1.
252 464 398 510 carneades
409 463 589 523 Academicus,
608 463 753 521 scripturus
763 464 904 510 adversum
914 465 980 512 Stoi·

175 531 200 580 ci
215 532 330 579 Zenonis
345 531 442 589 libros,
462 531 600 589 superiora
611 529 730 589 corporis
739 530 859 577 elleboro
871 533 978 578 candido

173 598 308 658 purgavit;
328 612 360 644 ne
374 596 434 655 quid
448 610 483 644 ex
497 597 628 655 corruptis
645 597 673 643 in
687 597 820 643 stomacho
830 597 979 647 humoribus

175 667 209 712 ud
220 665 353 713 domicilia
362 677 443 721 usque
453 664 532 709 animi
541 665 707 721 redundaret,
722 666 749 711 et
760 666 937 713 constantiam
946 668 980 712 ri·

174 726 314 792 gor'emque
325 732 418 779 mentis
429 732 598 789 labefaceret3
626 736 651 778 2.
671 735 744 777 tanta
758 745 834 788 cura,
857 736 979 791 tantoque

175 802 301 858 apparatu
315 799 356 845 sui
370 799 412 845 vir
426 798 534 855 ingenio
544 798 688 857 praestanti
697 798 729 843 ad
738 798 899 860 refellenda,
920 815 980 859 quse

175 866 318 924 scripserat
328 868 409 925 Zeno,
421 878 568 923 aggressus.
591 866 615 911 3.
631 865 660 911 ld
671 879 727 912 cum
738 865 892 913 in'historia
905 869 980 916 Grae·

175 947 206 981 ca
216 933 350 992 legissem,
368 933 435 991 quod
446 932 560 979 elleboro
575 933 686 979 candido
697 932 820 990 scriptum
831 938 905 992 eret,
925 935 981 994 quid

177 1004 255 1060 esset,
266 1000 391 1061 quaesiui.
426 1002 450 1045 4.
470 1001 537 1045 'lum
547 1000 670 1059 comperi,
685 1000 748 1045 duas
759 1000 861 1057 species
870 1002 981 1050 ellebori

143 1090 148 1099 ·
176 1081 234 1116 esse
245 1068 420 1114 discerniculo
430 1066 530 1112 coloris
540 1066 665 1125 insignes,
684 1066 786 1112 candidi
797 1069 823 1112 et
833 1067 922 1126 nigri:
939 1082 981 1117 eos

177 1138 264 1182 autem
275 1136 377 1182 colores
386 1146 438 1179 nem
449 1133 476 1178 in
487 1133 586 1180 semine
596 1133 723 1193 ellebori,
741 1146 823 1191 neque
837 1135 867 1180 in
881 1137 984 1197 virgul-

177 1202 226 1258 tis,
244 1202 290 1247 sed
300 1203 328 1247 in
343 1200 429 1248 radice
441 1199 573 1259 dignosci,
593 1200 702 1247 candido
713 1201 875 1249 stomachum
884 1207 914 1249 et
924 1218 985 1251 ren-

176 1271 243 1317 trem
261 1267 421 1327 superiorem
440 1266 627 1313 vomitionibus
646 1267 762 1326 purgari3
787 1268 865 1327 nigro
887 1272 983 1326 alcum,

176 1349 241 1394 quse
251 1334 362 1382 inferior
371 1336 487 1394 vocatur,
496 1333 574 1381 dilui:
593 1335 728 1394 utriusque
738 1348 796 1381 esse
806 1335 874 1383 hunc
883 1338 949 1398 rim,
958 1340 985 1384 ot

176 1402 299 1451 humores
309 1401 420 1457 noxios,
438 1401 570 1459 inquibus
581 1414 673 1448 causae
685 1404 833 1449 morborum
844 1408 922 1465 sunt,
941 1419 983 1453 ex·

174 1470 288 1516 trshont.
315 1473 339 1515 5.
350 1467 417 1515 Esse
428 1469 676 1528 communicatum,
687 1483 721 1516 ne
732 1468 800 1517 iuter
810 1484 906 1519 causas
916 1487 983 1521 mor-

174 1539 276 1597 borum,
287 1535 357 1582 omni
369 1549 507 1593 corporum
518 1536 561 1581 via
571 1538 709 1598 patefacta,
720 1548 752 1582 ea
761 1550 863 1594 quoque
874 1539 945 1599 ipsa,
958 1541 983 1587 in

174 1603 268 1662 quibus
279 1616 357 1651 eausa
367 1602 472 1648 vivendi
485 1605 533 1657 est,
544 1603 737 1665 exinaniantur,
753 1604 904 1664 amissoque
916 1609 984 1655 omui

173 1671 306 1718 naturalis
317 1670 458 1716 alimoniae
469 1670 647 1732 fundamento,
658 1669 735 1716 bomo
746 1670 891 1719 exhaustus
903 1675 983 1722 inter-

174 1741 227 1786 eat.
261 1741 285 1784 6.
304 1738 356 1784 Sed
370 1738 515 1783 elleborum
531 1737 596 1783 sumi
610 1750 689 1795 posse
702 1737 832 1786 tutissime
849 1741 878 1786 in
896 1741 983 1790 insula

172 1806 307 1865 Anticyra,
321 1804 423 1850 Plinius
433 1804 567 1851 Secundus
578 1805 605 1850 irs
614 1804 690 1852 libris
699 1806 835 1852 Naturalis
846 1809 983 1857 Historiae

173 1873 293 1932 scripsit:
312 1876 452 1931 propterea
465 1871 566 1917 Livium
582 1871 705 1929 Drusum,
725 1871 770 1929 qui
779 1874 902 1923 tribunus
914 1877 983 1936 plebi

172 1940 233 1999 ruit,
241 1954 299 1987 oum
307 1941 431 1996 morbum,
443 1939 486 1997 qui
498 1938 639 1984 comitialis
649 1938 752 1995 dieitur,
766 1942 913 2004 pateretur,
932 1948 984 1991 An-

173 2007 285 2068 ticyram
295 2007 440 2065 navigasse,
452 2010 478 2052 et
489 2005 517 2051 in
528 2018 559 2052 es
570 2005 656 2051 insula
666 2006 811 2052 elleborum
821 2010 923 2057 bibisse
935 2012 981 2069 ait,

173 2076 251 2131 atque
261 2076 298 2121 ita
308 2076 397 2121 morbo
408 2073 553 2120 liberatum.
580 2074 605 2118 l.
624 2074 761 2119 Praeterea
772 2075 902 2134 seriptum
913 2079 983 2137 legi-

172 2155 239 2203 mus,
249 2141 340 2188 Gollos
350 2140 377 2186 in
389 2141 524 2186 venatibus
535 2139 637 2198 tingere
647 2139 765 2186 elleboro
776 2143 899 2202 sagittas,
915 2145 984 2205 quod

172 2207 207 2254 lis
218 2209 286 2256 ictae
298 2206 460 2254 exanbnatae
472 2208 542 2254 lerae
552 2207 696 2253 teneriores
706 2206 739 2252 ad
748 2209 838 2265 epulas
850 2212 930 2258 liunt:
940 2213 983 2259 sed

174 2278 282 2333 propter
293 2275 401 2321 ellebori
413 2274 568 2334 contagium,
575 2274 683 2320 vulnera
693 2287 728 2322 cx
738 2275 842 2335 sagittis
852 2279 927 2327 iacta
935 2280 984 2327 cir·

173 2341 317 2387 mmcidere
327 2340 406 2389 latius
417 2342 548 2388 dicuntur.

420 2421 604 2473 CAPUT
640 2422 726 2475 xvl.

200 2484 287 2528 Anates
303 2485 414 2529 Ponticas
431 2490 479 2530 vim
494 2489 575 2531 hecbere
589 2491 677 2532 veneris
694 2490 836 2544 detergendo
847 2497 982 2544 potentem

225 2541 365 2637 ⁸uotflursus'lrls'ibr'
380 2545 406 2584 rie
415 2544 564 2588 Mithridatis
577 2546 639 2600 regis
651 2546 676 2589 irs
690 2547 716 2589 iri
728 2559 797 2600 gessur
806 2546 983 2624 snerlicumerlis

207 2656 231 2701 1.
248 2655 346 2704 Anates
360 2655 483 2705 Ponticas
498 2659 594 2708 <licitur
608 2660 716 2708 edundis
727 2660 806 2721 vulgo
819 2662 930 2713 venenis
943 2662 981 2710 ri-
