2067 3034
288 167 296 180 ‚
326 118 397 164 ura.
415 116 449 164 Χ.
484 119 564 165 css.
584 120 625 167 11.
821 123 872 173 221

67 237 149 286 tatas.
183 239 209 282 2.
229 237 339 283 cansam
352 248 409 282 esse
421 234 500 283 huius
517 235 557 283 rei
571 236 658 295 Apion
668 235 696 284 in
705 237 781 287 libris
789 243 876 303 Aegy·

66 302 164 365 plincis
182 301 248 350 hana
265 301 341 349 dicit:
363 303 432 360 quod
449 303 478 348 in
494 304 573 349 sectis
589 305 738 364 apertisque
757 309 876 358 humanis

65 371 235 431 cerporibus,
250 373 280 416 ut
288 383 345 416 snos
354 369 383 417 in
391 372 509 429 Aegypta
519 372 584 429 luit,
601 386 664 430 qna·
675 375 767 424 Graeci
777 368 876 422 ἄνατο-

64 433 118 502 μάς
125 439 276 498 appellant,
289 439 483 495 repertumst,
496 452 605 486 neruum
615 441 741 497 quendam
751 444 875 491 tenuissi-

65 521 137 554 mum
146 508 177 553 ab
190 518 221 552 ea
232 519 285 552 una
297 504 391 567 digito,
412 505 443 551 de
457 519 506 562 qun
518 507 645 564 diximus,
665 508 696 554 ad
707 509 874 559 carhominis

64 587 176 634 pergere
189 572 377 632 supervenire:
396 577 534 631 prepterea
545 588 598 624 non
608 574 729 622 inscitum
738 576 821 626 visum
833 592 874 625 es·

64 654 108 703 se,
129 654 189 687 eum
203 639 366 699 potissimum
382 639 490 699 digitum
508 641 557 688 tali
574 641 674 690 honore
688 643 872 706 decorandum,

64 708 112 767 qui
128 707 265 756 continens
278 709 305 755 et
323 707 399 767 quasi
419 721 554 757 connexus
574 722 632 758 esse
650 724 708 759 eum
725 712 873 774 principata

68 775 158 823 cordis
169 775 311 825 videretur.

332 898 520 951 csPUT
555 897 609 950 XL

96 981 196 1027 vetum
212 988 330 1027 mature
347 981 404 1039 qaid
420 982 545 1038 significet,
564 997 663 1042 quaeque
672 983 736 1029 cacis
746 984 794 1031 eiua
807 991 870 1033 ratis

121 1038 168 1083 sit.-
187 1044 211 1083 et
224 1042 285 1096 quod
297 1051 323 1081 co
337 1038 404 1081 cabo
418 1041 499 1095 vulgm
509 1041 629 1084 hornimera
643 1041 769 1098 improprie
784 1044 871 1088 utitur:

123 1094 273 1153 atquct‘nibi‚
289 1097 350 1156 qnod
359 1108 491 1154 praecox
506 1096 645 1142 declinatum
655 1100 812 1155 praecocia
824 1100 872 1157 fa·

123 1151 165 1204 cit,
185 1164 231 1194 aaa
245 1151 432 1209 praecoquis.

102 1246 129 1293 1.
150 1247 260 1297 Mature
282 1259 351 1293 nune
372 1245 502 1305 significat
516 1263 633 1308 propere
648 1253 675 1298 et
690 1253 757 1313 cita,
779 1254 872 1300 contra

66 1313 152 1375 ipsius
168 1314 241 1362 verbi
257 1314 424 1373 sententiam
446 1315 520 1362 aliud
537 1318 605 1364 enim
622 1322 662 1364 est
677 1326 780 1366 creature
797 1334 871 1378 quam

67 1382 139 1440 quad
150 1380 378 1441 diciturprcpccc.
413 1384 439 1428 2.
456 1383 636 1442 Propterenl'.
648 1386 779 1447 Nigidius,
795 1387 872 1434 homo

65 1452 96 1500 in
112 1449 229 1497 amnium
244 1451 373 1497 bonarum
386 1449 481 1497 artium
495 1451 642 1510 disciplinis
655 1454 791 1513 egregiusa
809 1457 872 1505 Mn·

66 1524 136 1576 ture,
147 1517 240 1576 inquit,
251 1523 298 1578 est,
310 1519 380 1578 quc-d
386 1532 468 1579 neque
476 1521 552 1567 cilices
561 1526 609 1580 eat,
619 1535 700 1581 acque
711 1525 809 1570 serius:
827 1523 872 1570 eca'

66 1586 178 1633 medians
188 1586 308 1646 quiddam
320 1591 345 1632 et
355 1593 528 1645 temeratum
538 1593 586 1635 est.
610 1591 634 1634 3.
644 1589 713 1635 Bene
723 1592 799 1648 atque
810 1604 872 1649 pro-

66 1654 126 1715 pria
135 1652 267 1713 Nigidius.
302 1654 369 1701 Nam
381 1655 407 1701 et
422 1652 451 1699 in
465 1654 583 1712 frugibus
594 1659 621 1702 et
633 1656 660 1702 in
669 1657 752 1716 pomis
763 1664 871 1705 matura

66 1721 202 1783 dicuntur,
222 1734 287 1779 quae
300 1734 383 1779 neque
397 1721 476 1768 cruda
490 1725 516 1767 et
527 1722 714 1780 immisissent,
732 1739 817 1783 neque
828 1739 872 1772 ca·

67 1791 136 1840 duca
149 1790 176 1836 et
190 1788 308 1847 decocta,
328 1790 374 1835 sed
389 1790 505 1847 tempore
520 1803 567 1837 sne
583 1790 671 1838 adulta
685 1794 881 1850 maturamque:

64 1860 92 1904 4.
112 1856 242 1912 Quoniam
253 1855 387 1912 autemid,
401 1857 467 1916 quad
478 1870 532 1903 nou
542 1858 657 1916 segniter
666 1860 755 1918 tiebat,
769 1866 871 1906 mature

64 1923 124 1972 deri
139 1923 285 1985 dicebatur,
307 1936 445 1983 progressa
465 1925 605 1983 plurimum
624 1926 695 1973 verbi
715 1925 869 1984 significatio

65 1994 116 2050 est,
127 1994 153 2038 et
162 2005 216 2039 non
225 1991 287 2047 iam,
301 1991 370 2049 quod
380 2004 433 2037 non
443 1992 555 2051 segnius,
570 1992 615 2039 sed
626 1994 695 2051 quod
704 1994 870 2041 festinantius

65 2060 107 2120 tit,
122 2059 149 2107 id
159 2059 215 2106 lieri
225 2066 329 2106 mature
339 2058 448 2117 dicitur3
468 2062 570 2118 quanda
582 2074 626 2121 ea,
643 2075 707 2118 quae
716 2065 818 2120 praeter
828 2062 870 2109 sni

66 2127 192 2186 temporis
205 2126 309 2174 modum
322 2129 461 2185 properata
475 2130 548 2182 sunt,
566 2131 710 2175 immatura
724 2129 812 2177 verius
828 2129 868 2176 di·

67 2200 168 2242 cantnr.
204 2197 228 2241 b.
246 2192 317 2240 illud
330 2207 392 2240 reru
403 2194 572 2252 Nigidianum
584 2196 710 2254 reiatque
720 2197 793 2243 verbi
804 2200 869 2244 tem-

67 2263 244 2322 peramentum
259 2259 332 2307 disus
342 2263 474 2320 Augustus
488 2261 589 2309 duobus
601 2265 705 2312 Graecis
718 2266 804 2312 verbis
815 2266 870 2313 ele·

67 2328 219 2388 gantissinse
228 2327 397 2386 exprimebat.
425 2329 492 2375 Nem
499 2332 529 2375 et
537 2330 626 2376 dicere
636 2331 833 2380 incensionibus
843 2335 870 2381 et

68 2397 181 2445 seribere
191 2393 219 2441 iu
229 2395 347 2453 epistulis
358 2394 465 2441 solitum
472 2409 529 2442 esse
537 2397 622 2444 aiunt:
632 2396 730 2444 Σπεῦδε
742 2396 869 2461 βραδέωςε

67 2476 115 2522 per
129 2462 197 2520 qnod
211 2464 347 2518 monebat,
364 2464 395 2509 ut
403 2460 436 2507 nd
446 2476 500 2509 rem
510 2464 724 2522 agendamsimul
736 2466 870 2515 adhibere·

65 2535 109 2578 tur
120 2533 147 2577 et
156 2529 300 2577 industriae
311 2529 431 2576 celeritas
441 2532 467 2575 et
476 2530 629 2589 diligentiae
640 2533 760 2592 tarditss3
770 2547 803 2582 ex
812 2535 871 2592 qui·

66 2598 114 2644 bus
128 2597 227 2645 dnobus
244 2596 425 2644 contraibat
440 2604 591 2646 neutrarum.
628 2604 651 2647 6.
668 2599 795 2659 Virgilius
807 2611 871 2659 quo·

7 2677 9 2696 ³
66 2678 125 2722 cue,
136 2664 159 2712 si
169 2664 226 2723 quis
237 2664 350 2716 animum
358 2664 485 2727 attendet,
502 2667 554 2713 dna
565 2666 617 2715 ista
630 2669 708 2715 verba
717 2682 870 2730 properare
