2067 3034
153 97 204 156 aso
403 98 508 145 suar
545 97 709 145 onaarr

152 229 217 276 quse
235 216 267 264 de
282 215 372 263 nostra
380 215 516 263 voluntate
527 215 671 273 nocuoque
681 214 797 263 consilio
808 216 879 265 taeta
890 219 967 273 sunt,

150 299 182 332 ea
191 286 267 332 nobis
277 287 336 343 post
350 283 478 342 incipiunt
488 283 642 340 displicere,
661 284 870 341 sententiamque
883 285 916 331 irs
932 286 967 331 iis

148 356 264 402 nostram
276 353 445 408 demutamus;
468 352 492 395 l.
506 349 634 395 neminem
644 353 729 396 autem
739 354 811 397 recte
822 350 862 397 ita
870 352 966 409 loquis

144 422 354 480 poeniterescae,
364 417 572 478 productased,
582 419 639 463 aut:
651 421 796 475 poenitere,
809 419 880 479 quod
890 435 965 466 mor.

151 487 216 533 talis
231 488 273 543 stt,
293 489 348 532 aut:
369 488 436 544 quod
450 498 486 531 ea·
499 485 598 546 offenso
607 484 687 543 forte
696 485 891 546 vulneratoque
902 501 965 532 cor·

145 554 333 614 poressdolorem
344 554 455 598 aeatr'ot:
469 552 570 608 qnando
582 550 728 597 istiusmodi
738 566 825 598 rerum
834 566 885 599 nee
897 567 965 599 cou-

149 621 238 667 silium
251 619 287 666 sit
301 623 433 676 nostrum,
451 633 499 665 nec
509 618 658 677 arbitrium3
679 619 724 665 sed
734 633 766 666 ea
775 619 902 678 ingratiis
912 634 963 667 no·

150 688 221 746 stris,
232 686 259 733 vi
274 700 303 732 ac
316 686 471 732 necessitate
480 688 596 745 naturae,
607 685 683 731 nobis
698 687 830 733 accidant:
852 688 876 733 8.
890 687 963 734 sicut

149 753 246 813 hercle,
261 753 391 814 inquiunt,
404 766 456 799 non
467 751 645 799 voluntarium
655 753 705 798 luit
714 756 750 799 M.
762 754 865 810 coelio,
884 755 961 814 quali

149 823 233 867 torma
246 824 408 880 nasceretur,
429 820 504 866 cuius
514 834 573 865 eum
587 819 655 865 dixit
664 833 717 866 non
727 821 876 880 poenitere:
899 826 960 868 tan.

151 901 226 947 quam
240 888 268 933 in
282 902 313 934 ea
326 902 404 934 causa
416 901 458 933 rea
469 889 551 946 esset,
570 889 599 932 ut
608 887 735 933 rationem
745 891 851 946 caperet
861 890 959 947 poeni·

150 954 231 1002 teudi.
267 960 290 1001 9.
308 954 430 1001 Esthaec
440 954 551 1012 quidem,
561 954 743 1013 quamdicunt,
760 955 831 1000 uerbi
847 956 961 1003 huiusce

151 1021 291 1081 sententia3
309 1025 335 1068 et
344 1024 493 1082 poenitere,
512 1020 564 1067 nisi
582 1020 609 1066 in
624 1021 779 1068 voluntariis
794 1023 882 1078 rebus,
903 1038 957 1071 non

150 1092 231 1149 probe
242 1089 348 1146 dicitur3
368 1088 471 1134 tametsi
485 1087 646 1145 antiquiores
660 1091 740 1134 verbo
752 1088 810 1147 ipso
824 1089 879 1136 alio
890 1105 957 1148 quo-

151 1170 200 1216 que
209 1157 287 1206 modo
297 1154 387 1201 usitati
397 1158 469 1213 sunt;
488 1157 638 1214 etpacaitet
654 1156 684 1201 ab
695 1169 744 1212 ceo,v
760 1156 828 1213 quod
838 1160 879 1202 est
886 1173 958 1216 pae-

150 1237 196 1279 ει,
215 1226 241 1269 et
257 1236 272 1267 a
283 1224 419 1282 poenaria
436 1221 572 1269 dixerunt:
592 1221 636 1267 sed
651 1221 677 1266 id
693 1222 815 1269 aliorsum
830 1225 956 1285 pertinet,

151 1293 228 1348 atque
242 1289 296 1335 elio
311 1289 371 1335 loco
389 1288 497 1335 dicetur.
536 1292 574 1335 ld.
593 1288 668 1334 Nunc
681 1294 765 1335 autem
782 1291 895 1337 subhac
912 1306 955 1339 ea·

151 1357 208 1403 dem
223 1356 423 1415 significatione,
442 1370 508 1413 quse
522 1357 600 1413 vulgo
617 1360 681 1401 nota
697 1359 743 1412 est,
762 1359 904 1404 anamodo
915 1360 953 1405 in·

151 1429 236 1483 eptum
247 1424 297 1471 boc
307 1434 359 1470 nou
370 1428 417 1481 est,
428 1424 494 1481 quod
503 1425 540 1469 M.
551 1423 641 1469 Cicero
653 1422 733 1481 dixit3
753 1425 798 1470 sed
814 1425 954 1471 festivissi-

149 1505 218 1538 mum
232 1491 296 1536 adeo
307 1494 333 1537 et
347 1490 528 1537 facetissimum
540 1493 588 1535 est.
625 1492 664 1535 11.
682 1491 748 1536 Nam
762 1505 818 1537 cum
829 1493 953 1540 adversa.

148 1558 183 1608 rii
194 1560 221 1603 et
230 1560 418 1604 obtrectatores
427 1560 462 1606 M.
470 1558 565 1611 Coelii,
576 1556 697 1615 quoniam
707 1562 763 1603 erat
773 1558 883 1617 pulchro
895 1575 951 1607 cor-

144 1623 223 1685 pore,
239 1625 347 1670 formam
359 1626 415 1671 eius
426 1628 452 1670 et
463 1625 554 1670 faciem
564 1624 592 1669 in
602 1624 764 1682 suspiciones
775 1626 950 1684 impudicitiae

149 1694 322 1749 accerserent,
344 1691 455 1738 illudens
470 1690 560 1738 Cicero
577 1685 628 1736 tam
643 1692 777 1738 absurdam
791 1694 950 1741 criminatio-

148 1773 220 1813 nem,
239 1758 307 1818 quod
317 1760 438 1818 formam,
458 1772 532 1816 quam
541 1761 634 1804 natura
645 1760 754 1816 lecerat,
773 1760 839 1807 ritio
851 1762 950 1821 darent,

135 1859 137 1864 ·
148 1827 239 1875 eodem
249 1826 306 1885 ipso
317 1841 418 1881 errore,
433 1840 507 1884 quem
520 1826 655 1885 illudebat,
671 1827 755 1873 sciens
766 1841 829 1874 usus
840 1832 892 1876 est:
912 1832 950 1879 et:

136 1896 206 1942 ⁴Nou
213 1896 339 1954 poenitet„
351 1894 442 1952 inquit,
453 1894 489 1941 Μ.
503 1894 618 1939 Coelium
627 1907 678 1938 non
688 1894 828 1955 deformem
838 1910 895 1943 ease
903 1909 951 1945 aa·

148 1968 217 2009 tam:
236 1963 264 2007 ut
275 1961 318 2007 vel
327 1962 375 2007 bac
386 1961 492 2019 ipsare,
512 1960 580 2018 quod
595 1959 631 2005 ita
644 1960 745 2007 dicebat
750 1979 762 2018 ‚·
778 1965 950 2020 opprobraret

147 2028 319 2084 adversariis,
335 2041 365 2073 ae
375 2042 420 2086 per
431 2027 540 2073 facetias
550 2028 706 2083 ostentaret,
726 2030 813 2075 lacere
823 2044 869 2077 eos
881 2032 949 2078 deri.

147 2096 274 2152 diculum‚
292 2095 360 2153 quod
375 2094 480 2153 perinde
496 2095 587 2140 Coelio
605 2096 713 2141 formam
731 2095 833 2142 crimini
851 2098 950 2161 darent,

147 2162 222 2220 quasi
231 2162 367 2209 arbitrium
376 2162 431 2209 eius
444 2162 545 2217 luisset,
555 2162 628 2218 quali
637 2164 721 2209 torma
730 2166 890 2211 nasceretur.

416 2293 599 2345 CAPUT
634 2295 673 2345 ll.

178 2370 253 2415 rerba
262 2374 373 2428 quaedam
386 2386 415 2416 ex
427 2372 451 2420 Q.
463 2371 557 2415 Claudii
565 2372 685 2415 annalium
690 2372 776 2430 primo,
791 2372 873 2417 cursim
882 2373 908 2418 a’u
916 2376 946 2420 ls-

203 2430 275 2481 gendo
285 2434 378 2470 notata.
428 2457 431 2466 .

156 2519 160 2527 ¹
197 2538 201 2545 .
223 2502 285 2546 Cum
300 2502 392 2549 librum
406 2503 503 2550 veteris
513 2502 649 2563 scriptoris
664 2505 820 2564 legebamus,
836 2507 946 2554 conaba-

146 2577 205 2612 mur
214 2571 304 2623 postea
313 2568 452 2615 memoriae
463 2571 622 2628 vegetandae
631 2572 716 2629 gratia
727 2572 848 2631 indipisci
860 2575 944 2622 animo

148 2645 179 2679 ac
193 2645 339 2695 recensere,
354 2647 417 2690 quae
427 2635 455 2681 in
464 2649 495 2683 eo
506 2637 574 2688 libro
585 2638 680 2696 scripta
690 2643 776 2687 essent
787 2640 813 2685 in
823 2642 943 2701 utrasque
