<?xml version="1.0" encoding="UTF-8"?>
<!DOCTYPE html PUBLIC "-//W3C//DTD XHTML 1.0 Transitional//EN"
    "http://www.w3.org/TR/xhtml1/DTD/xhtml1-transitional.dtd">
<html xmlns="http://www.w3.org/1999/xhtml" xml:lang="en" lang="en">
 <head>
  <title>
</title>
<meta http-equiv="Content-Type" content="text/html;charset=utf-8" />
  <meta name='ocr-system' content='tesseract 3.04.00' />
  <meta name='ocr-capabilities' content='ocr_page ocr_carea ocr_par ocr_line ocrx_word'/>
</head>
<body>
  <div class='ocr_page' id='page_1' title='image "auligelliinocte04gellgoog_0446.png"; bbox 0 0 2067 3034; ppageno 0'>
   <div class='ocr_carea' id='block_1_1' title="bbox 130 106 687 165">
    <p class='ocr_par' dir='ltr' id='par_1_1' title="bbox 130 106 687 165">
     <span class='ocr_line' id='line_1_1' title="bbox 130 106 687 165; baseline -0.016 -1"><span class='ocrx_word' id='word_1_1' title='bbox 130 107 182 165; x_wconf 77' lang='lat' dir='ltr'>lat</span> <span class='ocrx_word' id='word_1_2' title='bbox 382 106 490 157; x_wconf 74' lang='lat' dir='ltr'>aubi</span> <span class='ocrx_word' id='word_1_3' title='bbox 526 107 687 156; x_wconf 68' lang='lat' dir='ltr'>(lubun</span> 
     </span>
    </p>
   </div>
   <div class='ocr_carea' id='block_1_2' title="bbox 128 222 947 2706">
    <p class='ocr_par' dir='ltr' id='par_1_2' title="bbox 128 222 947 2706">
     <span class='ocr_line' id='line_1_2' title="bbox 129 222 946 292; baseline -0.005 -13"><span class='ocrx_word' id='word_1_4' title='bbox 129 245 175 283; x_wconf 84' lang='lat' dir='ltr'>rae</span> <span class='ocrx_word' id='word_1_5' title='bbox 186 229 310 292; x_wconf 84' lang='lat' dir='ltr'>quaedum</span> <span class='ocrx_word' id='word_1_6' title='bbox 318 227 424 276; x_wconf 86' lang='lat' dir='ltr'>nubium</span> <span class='ocrx_word' id='word_1_7' title='bbox 433 225 596 284; x_wconf 83' lang='lat' dir='ltr'>metuendae,</span> <span class='ocrx_word' id='word_1_8' title='bbox 602 237 666 285; x_wconf 88' lang='lat' dir='ltr'>quas</span> <span class='ocrx_word' id='word_1_9' title='bbox 675 222 795 289; x_wconf 70' lang='grc' dir='ltr'><strong><em>τυφῶνας</em></strong></span> <span class='ocrx_word' id='word_1_10' title='bbox 804 229 946 289; x_wconf 81' lang='lat' dir='ltr'>vocabant,</span> 
     </span>
     <span class='ocr_line' id='line_1_3' title="bbox 129 293 947 361; baseline -0.01 -12"><span class='ocrx_word' id='word_1_11' title='bbox 129 298 277 361; x_wconf 85' lang='lat' dir='ltr'>impendere</span> <span class='ocrx_word' id='word_1_12' title='bbox 288 296 482 354; x_wconf 83' lang='lat' dir='ltr'>imminereque,</span> <span class='ocrx_word' id='word_1_13' title='bbox 488 307 518 340; x_wconf 87' lang='lat' dir='ltr'>ac</span> <span class='ocrx_word' id='word_1_14' title='bbox 530 293 701 352; x_wconf 71' lang='lat' dir='ltr'>depressurae</span> <span class='ocrx_word' id='word_1_15' title='bbox 709 305 804 341; x_wconf 76' lang='lat' dir='ltr'>nauem</span> <span class='ocrx_word' id='word_1_16' title='bbox 814 293 947 342; x_wconf 79' lang='lat' dir='ltr'>rideban-</span> 
     </span>
     <span class='ocr_line' id='line_1_4' title="bbox 128 359 945 420; baseline -0.01 -4"><span class='ocrx_word' id='word_1_17' title='bbox 128 373 180 416; x_wconf 85' lang='lat' dir='ltr'><strong>tur.</strong></span> <span class='ocrx_word' id='word_1_18' title='bbox 215 368 240 413; x_wconf 77' lang='lat' dir='ltr'>l.</span> <span class='ocrx_word' id='word_1_19' title='bbox 259 367 290 411; x_wconf 83' lang='lat' dir='ltr'>ln</span> <span class='ocrx_word' id='word_1_20' title='bbox 300 364 390 410; x_wconf 85' lang='lat' dir='ltr'>eadem</span> <span class='ocrx_word' id='word_1_21' title='bbox 401 362 450 409; x_wconf 85' lang='lat' dir='ltr'>tuit</span> <span class='ocrx_word' id='word_1_22' title='bbox 459 360 641 420; x_wconf 82' lang='lat' dir='ltr'>pbilosopbus,</span> <span class='ocrx_word' id='word_1_23' title='bbox 657 359 686 407; x_wconf 91' lang='lat' dir='ltr'>in</span> <span class='ocrx_word' id='word_1_24' title='bbox 695 360 840 420; x_wconf 70' lang='lat' dir='ltr'><strong>disciplina</strong></span> <span class='ocrx_word' id='word_1_25' title='bbox 851 362 945 409; x_wconf 86' lang='lat' dir='ltr'>Stoica</span> 
     </span>
     <span class='ocr_line' id='line_1_5' title="bbox 130 428 945 489; baseline -0.01 -5"><span class='ocrx_word' id='word_1_26' title='bbox 130 435 289 488; x_wconf 84' lang='lat' dir='ltr'>celebratus,</span> <span class='ocrx_word' id='word_1_27' title='bbox 309 445 383 489; x_wconf 88' lang='lat' dir='ltr'>quem</span> <span class='ocrx_word' id='word_1_28' title='bbox 398 441 446 489; x_wconf 73' lang='lat' dir='ltr'>ego</span> <span class='ocrx_word' id='word_1_29' title='bbox 457 428 567 474; x_wconf 79' lang='lat' dir='ltr'>Athenis</span> <span class='ocrx_word' id='word_1_30' title='bbox 582 440 770 488; x_wconf 73' lang='lat' dir='ltr'>cognoveram,</span> <span class='ocrx_word' id='word_1_31' title='bbox 790 441 847 475; x_wconf 84' lang='lat' dir='ltr'>non</span> <span class='ocrx_word' id='word_1_32' title='bbox 862 442 945 488; x_wconf 83' lang='lat' dir='ltr'>parra</span> 
     </span>
     <span class='ocr_line' id='line_1_6' title="bbox 129 494 945 554; baseline -0.011 -2"><span class='ocrx_word' id='word_1_33' title='bbox 129 503 213 552; x_wconf 84' lang='lat' dir='ltr'>virum</span> <span class='ocrx_word' id='word_1_34' title='bbox 227 498 398 554; x_wconf 86' lang='lat' dir='ltr'>auctoritate,</span> <span class='ocrx_word' id='word_1_35' title='bbox 418 495 535 554; x_wconf 86' lang='lat' dir='ltr'>satisque</span> <span class='ocrx_word' id='word_1_36' title='bbox 549 497 649 542; x_wconf 85' lang='lat' dir='ltr'>attente</span> <span class='ocrx_word' id='word_1_37' title='bbox 666 494 812 553; x_wconf 89' lang='lat' dir='ltr'>discipulos</span> <span class='ocrx_word' id='word_1_38' title='bbox 831 496 945 543; x_wconf 84' lang='lat' dir='ltr'>iuvenes</span> 
     </span>
     <span class='ocr_line' id='line_1_7' title="bbox 130 557 944 624; baseline -0.016 -5"><span class='ocrx_word' id='word_1_39' title='bbox 130 569 312 620; x_wconf 81' lang='lat' dir='ltr'>continentem.</span> <span class='ocrx_word' id='word_1_40' title='bbox 348 566 372 611; x_wconf 84' lang='lat'>5.</span> <span class='ocrx_word' id='word_1_41' title='bbox 389 557 456 610; x_wconf 85' lang='lat' dir='ltr'>Eum</span> <span class='ocrx_word' id='word_1_42' title='bbox 466 565 528 609; x_wconf 89' lang='lat' dir='ltr'>tunc</span> <span class='ocrx_word' id='word_1_43' title='bbox 538 562 565 608; x_wconf 90' lang='lat' dir='ltr'>in</span> <span class='ocrx_word' id='word_1_44' title='bbox 575 562 656 609; x_wconf 87' lang='lat' dir='ltr'>tantis</span> <span class='ocrx_word' id='word_1_45' title='bbox 665 563 801 624; x_wconf 89' lang='lat' dir='ltr'>periculis,</span> <span class='ocrx_word' id='word_1_46' title='bbox 813 562 899 623; x_wconf 88' lang='lat' dir='ltr'>inque</span> <span class='ocrx_word' id='word_1_47' title='bbox 911 564 944 610; x_wconf 83' lang='lat' dir='ltr'>il.</span> 
     </span>
     <span class='ocr_line' id='line_1_8' title="bbox 129 629 943 688; baseline -0.014 -2"><span class='ocrx_word' id='word_1_48' title='bbox 129 638 158 685; x_wconf 93' lang='lat' dir='ltr'>lo</span> <span class='ocrx_word' id='word_1_49' title='bbox 168 635 281 684; x_wconf 85' lang='lat' dir='ltr'><strong>tumultu</strong></span> <span class='ocrx_word' id='word_1_50' title='bbox 295 631 364 680; x_wconf 87' lang='lat' dir='ltr'>coeli</span> <span class='ocrx_word' id='word_1_51' title='bbox 377 629 508 687; x_wconf 86' lang='lat' dir='ltr'>marisque</span> <span class='ocrx_word' id='word_1_52' title='bbox 522 629 685 686; x_wconf 82' lang='lat' dir='ltr'>requirebam</span> <span class='ocrx_word' id='word_1_53' title='bbox 694 630 794 688; x_wconf 84' lang='lat' dir='ltr'>oculis;</span> <span class='ocrx_word' id='word_1_54' title='bbox 817 631 943 678; x_wconf 63' lang='lat' dir='ltr'>seire‘cn-</span> 
     </span>
     <span class='ocr_line' id='line_1_9' title="bbox 129 695 944 766; baseline -0.012 -13"><span class='ocrx_word' id='word_1_55' title='bbox 129 705 218 766; x_wconf 88' lang='lat' dir='ltr'>piens,</span> <span class='ocrx_word' id='word_1_56' title='bbox 237 713 349 760; x_wconf 83' lang='lat' dir='ltr'>quonam</span> <span class='ocrx_word' id='word_1_57' title='bbox 357 700 427 745; x_wconf 85' lang='lat' dir='ltr'>statu</span> <span class='ocrx_word' id='word_1_58' title='bbox 435 697 528 753; x_wconf 87' lang='lat' dir='ltr'>animi,</span> <span class='ocrx_word' id='word_1_59' title='bbox 548 700 617 745; x_wconf 89' lang='lat' dir='ltr'>etan</span> <span class='ocrx_word' id='word_1_60' title='bbox 627 695 764 745; x_wconf 69' lang='lat' dir='ltr'>interritus</span> <span class='ocrx_word' id='word_1_61' title='bbox 778 698 944 757; x_wconf 83' lang='lat' dir='ltr'>intrepidus-</span> 
     </span>
     <span class='ocr_line' id='line_1_10' title="bbox 131 764 942 832; baseline -0.011 -13"><span class='ocrx_word' id='word_1_62' title='bbox 131 786 180 832; x_wconf 85' lang='lat' dir='ltr'>que</span> <span class='ocrx_word' id='word_1_63' title='bbox 189 770 275 818; x_wconf 79' lang='lat' dir='ltr'>essetl</span> <span class='ocrx_word' id='word_1_64' title='bbox 311 770 336 813; x_wconf 84' lang='grc'>6.</span> <span class='ocrx_word' id='word_1_65' title='bbox 354 768 437 825; x_wconf 79' lang='lat' dir='ltr'>Atque</span> <span class='ocrx_word' id='word_1_66' title='bbox 451 764 488 811; x_wconf 89' lang='lat' dir='ltr'>ibi</span> <span class='ocrx_word' id='word_1_67' title='bbox 500 764 632 811; x_wconf 86' lang='lat' dir='ltr'>bominem</span> <span class='ocrx_word' id='word_1_68' title='bbox 642 764 817 822; x_wconf 80' lang='lat' dir='ltr'>conspicimus</span> <span class='ocrx_word' id='word_1_69' title='bbox 828 766 942 825; x_wconf 78' lang='lat' dir='ltr'>impari·</span> 
     </span>
     <span class='ocr_line' id='line_1_11' title="bbox 131 830 942 892; baseline -0.011 -5"><span class='ocrx_word' id='word_1_70' title='bbox 131 840 225 887; x_wconf 86' lang='lat' dir='ltr'>dumet</span> <span class='ocrx_word' id='word_1_71' title='bbox 235 834 397 892; x_wconf 86' lang='lat' dir='ltr'>extriliduru,</span> <span class='ocrx_word' id='word_1_72' title='bbox 407 832 529 891; x_wconf 81' lang='lat' dir='ltr'>ploratus</span> <span class='ocrx_word' id='word_1_73' title='bbox 540 830 643 890; x_wconf 87' lang='lat' dir='ltr'>quidem</span> <span class='ocrx_word' id='word_1_74' title='bbox 652 832 750 890; x_wconf 88' lang='lat' dir='ltr'>nullus,</span> <span class='ocrx_word' id='word_1_75' title='bbox 766 832 848 879; x_wconf 89' lang='lat' dir='ltr'>sicuti</span> <span class='ocrx_word' id='word_1_76' title='bbox 861 831 942 880; x_wconf 88' lang='lat' dir='ltr'>ceteri</span> 
     </span>
     <span class='ocr_line' id='line_1_12' title="bbox 130 898 942 965; baseline -0.011 -11"><span class='ocrx_word' id='word_1_77' title='bbox 130 918 231 965; x_wconf 87' lang='lat' dir='ltr'>omnes,</span> <span class='ocrx_word' id='word_1_78' title='bbox 244 918 293 950; x_wconf 86' lang='lat' dir='ltr'>nec</span> <span class='ocrx_word' id='word_1_79' title='bbox 303 902 372 949; x_wconf 88' lang='lat' dir='ltr'>ullas</span> <span class='ocrx_word' id='word_1_80' title='bbox 382 899 511 947; x_wconf 88' lang='lat' dir='ltr'>eiusmodi</span> <span class='ocrx_word' id='word_1_81' title='bbox 521 910 599 946; x_wconf 87' lang='lat' dir='ltr'>uoces</span> <span class='ocrx_word' id='word_1_82' title='bbox 609 898 730 958; x_wconf 78' lang='lat' dir='ltr'>cientem,</span> <span class='ocrx_word' id='word_1_83' title='bbox 745 900 792 946; x_wconf 88' lang='lat' dir='ltr'>sed</span> <span class='ocrx_word' id='word_1_84' title='bbox 802 900 907 947; x_wconf 91' lang='lat' dir='ltr'>coloris</span> <span class='ocrx_word' id='word_1_85' title='bbox 917 902 942 946; x_wconf 82' lang='lat' dir='ltr'>et</span> 
     </span>
     <span class='ocr_line' id='line_1_13' title="bbox 132 965 940 1022; baseline -0.014 0"><span class='ocrx_word' id='word_1_86' title='bbox 132 974 220 1022; x_wconf 83' lang='lat' dir='ltr'>uultus</span> <span class='ocrx_word' id='word_1_87' title='bbox 236 968 382 1018; x_wconf 68' lang='lat' dir='ltr'>turbatione</span> <span class='ocrx_word' id='word_1_88' title='bbox 397 980 450 1013; x_wconf 90' lang='lat' dir='ltr'>uon</span> <span class='ocrx_word' id='word_1_89' title='bbox 464 967 573 1013; x_wconf 86' lang='lat' dir='ltr'>multum</span> <span class='ocrx_word' id='word_1_90' title='bbox 588 979 604 1012; x_wconf 83' lang='lat' dir='ltr'>a</span> <span class='ocrx_word' id='word_1_91' title='bbox 618 965 711 1013; x_wconf 87' lang='lat' dir='ltr'>ceteris</span> <span class='ocrx_word' id='word_1_92' title='bbox 723 967 900 1014; x_wconf 78' lang='lat' dir='ltr'>differentem.</span> <span class='ocrx_word' id='word_1_93' title='bbox 918 968 940 1012; x_wconf 77' lang='lat' dir='ltr'>l.</span> 
     </span>
     <span class='ocr_line' id='line_1_14' title="bbox 130 1033 942 1095; baseline -0.012 -5"><span class='ocrx_word' id='word_1_94' title='bbox 130 1042 166 1091; x_wconf 74' lang='lat' dir='ltr'>st</span> <span class='ocrx_word' id='word_1_95' title='bbox 174 1040 219 1088; x_wconf 91' lang='lat' dir='ltr'>ubi</span> <span class='ocrx_word' id='word_1_96' title='bbox 229 1039 330 1086; x_wconf 87' lang='lat' dir='ltr'>coelum</span> <span class='ocrx_word' id='word_1_97' title='bbox 340 1034 442 1095; x_wconf 87' lang='lat' dir='ltr'>enituit,</span> <span class='ocrx_word' id='word_1_98' title='bbox 449 1035 474 1081; x_wconf 87' lang='lat' dir='ltr'>et</span> <span class='ocrx_word' id='word_1_99' title='bbox 485 1033 616 1081; x_wconf 78' lang='lat' dir='ltr'>deferbuit</span> <span class='ocrx_word' id='word_1_100' title='bbox 625 1037 737 1091; x_wconf 88' lang='lat' dir='ltr'>mare,et</span> <span class='ocrx_word' id='word_1_101' title='bbox 747 1035 828 1081; x_wconf 85' lang='lat' dir='ltr'>ardor</span> <span class='ocrx_word' id='word_1_102' title='bbox 838 1034 890 1081; x_wconf 90' lang='lat' dir='ltr'>ille</span> <span class='ocrx_word' id='word_1_103' title='bbox 900 1048 942 1093; x_wconf 87' lang='lat' dir='ltr'>pe·</span> 
     </span>
     <span class='ocr_line' id='line_1_15' title="bbox 130 1099 941 1163; baseline -0.012 -6"><span class='ocrx_word' id='word_1_104' title='bbox 130 1108 211 1158; x_wconf 84' lang='lat' dir='ltr'>siculi</span> <span class='ocrx_word' id='word_1_105' title='bbox 221 1102 386 1163; x_wconf 75' lang='lat' dir='ltr'>deflagravit,</span> <span class='ocrx_word' id='word_1_106' title='bbox 405 1101 505 1148; x_wconf 81' lang='lat' dir='ltr'>accedit</span> <span class='ocrx_word' id='word_1_107' title='bbox 514 1102 548 1147; x_wconf 94' lang='lat' dir='ltr'>ad</span> <span class='ocrx_word' id='word_1_108' title='bbox 557 1099 673 1148; x_wconf 88' lang='lat' dir='ltr'>Stoicum</span> <span class='ocrx_word' id='word_1_109' title='bbox 683 1102 798 1148; x_wconf 85' lang='lat' dir='ltr'>Graccus</span> <span class='ocrx_word' id='word_1_110' title='bbox 809 1101 941 1160; x_wconf 83' lang='lat' dir='ltr'>quispiam</span> 
     </span>
     <span class='ocr_line' id='line_1_16' title="bbox 131 1168 942 1229; baseline -0.012 -5"><span class='ocrx_word' id='word_1_111' title='bbox 131 1175 206 1226; x_wconf 85' lang='lat' dir='ltr'>diues</span> <span class='ocrx_word' id='word_1_112' title='bbox 216 1188 251 1222; x_wconf 86' lang='lat' dir='ltr'>ex</span> <span class='ocrx_word' id='word_1_113' title='bbox 260 1171 331 1226; x_wconf 83' lang='lat' dir='ltr'>Asia,</span> <span class='ocrx_word' id='word_1_114' title='bbox 341 1181 443 1227; x_wconf 74' lang='lat' dir='ltr'>magno,</span> <span class='ocrx_word' id='word_1_115' title='bbox 453 1171 484 1215; x_wconf 89' lang='lat' dir='ltr'>ut</span> <span class='ocrx_word' id='word_1_116' title='bbox 493 1168 654 1229; x_wconf 83' lang='lat' dir='ltr'>videbamus,</span> <span class='ocrx_word' id='word_1_117' title='bbox 660 1168 733 1214; x_wconf 91' lang='lat' dir='ltr'>cultu</span> <span class='ocrx_word' id='word_1_118' title='bbox 742 1170 892 1227; x_wconf 88' lang='lat' dir='ltr'>paratuque</span> <span class='ocrx_word' id='word_1_119' title='bbox 901 1182 942 1215; x_wconf 87' lang='lat' dir='ltr'>rc·</span> 
     </span>
     <span class='ocr_line' id='line_1_17' title="bbox 131 1235 942 1296; baseline -0.012 -4"><span class='ocrx_word' id='word_1_120' title='bbox 131 1257 190 1292; x_wconf 89' lang='lat' dir='ltr'>rum</span> <span class='ocrx_word' id='word_1_121' title='bbox 203 1244 229 1290; x_wconf 88' lang='lat' dir='ltr'>et</span> <span class='ocrx_word' id='word_1_122' title='bbox 244 1237 373 1296; x_wconf 76' lang='lat' dir='ltr'>familiae,</span> <span class='ocrx_word' id='word_1_123' title='bbox 392 1238 469 1292; x_wconf 83' lang='lat' dir='ltr'>atque</span> <span class='ocrx_word' id='word_1_124' title='bbox 481 1235 539 1294; x_wconf 91' lang='lat' dir='ltr'>ipse</span> <span class='ocrx_word' id='word_1_125' title='bbox 550 1238 608 1282; x_wconf 85' lang='lat' dir='ltr'>crat</span> <span class='ocrx_word' id='word_1_126' title='bbox 616 1236 705 1281; x_wconf 86' lang='lat' dir='ltr'>multis</span> <span class='ocrx_word' id='word_1_127' title='bbox 717 1236 837 1294; x_wconf 85' lang='lat' dir='ltr'>corporis</span> <span class='ocrx_word' id='word_1_128' title='bbox 848 1236 942 1282; x_wconf 86' lang='lat' dir='ltr'>animi·</span> 
     </span>
     <span class='ocr_line' id='line_1_18' title="bbox 132 1302 941 1370; baseline -0.01 -12"><span class='ocrx_word' id='word_1_129' title='bbox 132 1326 183 1370; x_wconf 82' lang='lat' dir='ltr'>que</span> <span class='ocrx_word' id='word_1_130' title='bbox 193 1306 295 1356; x_wconf 87' lang='lat' dir='ltr'>deliciis</span> <span class='ocrx_word' id='word_1_131' title='bbox 312 1304 438 1351; x_wconf 84' lang='lat' dir='ltr'>diffluens.</span> <span class='ocrx_word' id='word_1_132' title='bbox 474 1306 499 1349; x_wconf 86' lang='lat'>8.</span> <span class='ocrx_word' id='word_1_133' title='bbox 518 1305 543 1348; x_wconf 90' lang='lat' dir='ltr'>Is</span> <span class='ocrx_word' id='word_1_134' title='bbox 558 1303 631 1360; x_wconf 86' lang='lat' dir='ltr'>quasi</span> <span class='ocrx_word' id='word_1_135' title='bbox 649 1302 777 1350; x_wconf 87' lang='lat' dir='ltr'>illudens:</span> <span class='ocrx_word' id='word_1_136' title='bbox 804 1302 878 1356; x_wconf 78' lang='lat' dir='ltr'>Quid</span> <span class='ocrx_word' id='word_1_137' title='bbox 893 1304 941 1350; x_wconf 86' lang='lat' dir='ltr'>hoc</span> 
     </span>
     <span class='ocr_line' id='line_1_19' title="bbox 133 1369 940 1435; baseline -0.014 -9"><span class='ocrx_word' id='word_1_138' title='bbox 133 1382 182 1435; x_wconf 90' lang='lat' dir='ltr'>est,</span> <span class='ocrx_word' id='word_1_139' title='bbox 200 1375 298 1434; x_wconf 88' lang='lat' dir='ltr'>inquit,</span> <span class='ocrx_word' id='word_1_140' title='bbox 316 1369 510 1430; x_wconf 90' lang='lat' dir='ltr'>opbilosopbe,</span> <span class='ocrx_word' id='word_1_141' title='bbox 528 1370 610 1430; x_wconf 88' lang='lat' dir='ltr'>quod,</span> <span class='ocrx_word' id='word_1_142' title='bbox 625 1384 682 1417; x_wconf 90' lang='lat' dir='ltr'>cum</span> <span class='ocrx_word' id='word_1_143' title='bbox 692 1370 719 1416; x_wconf 91' lang='lat' dir='ltr'>in</span> <span class='ocrx_word' id='word_1_144' title='bbox 729 1369 859 1428; x_wconf 87' lang='lat' dir='ltr'>periculis</span> <span class='ocrx_word' id='word_1_145' title='bbox 870 1384 940 1418; x_wconf 83' lang='lat' dir='ltr'>esse-</span> 
     </span>
     <span class='ocr_line' id='line_1_20' title="bbox 133 1437 940 1503; baseline -0.01 -11"><span class='ocrx_word' id='word_1_146' title='bbox 133 1459 202 1503; x_wconf 89' lang='lat' dir='ltr'>mus,</span> <span class='ocrx_word' id='word_1_147' title='bbox 219 1440 330 1489; x_wconf 87' lang='lat' dir='ltr'>timuisti</span> <span class='ocrx_word' id='word_1_148' title='bbox 345 1441 385 1495; x_wconf 91' lang='lat' dir='ltr'>tu,</span> <span class='ocrx_word' id='word_1_149' title='bbox 401 1440 428 1485; x_wconf 91' lang='lat' dir='ltr'>et</span> <span class='ocrx_word' id='word_1_150' title='bbox 441 1437 573 1497; x_wconf 79' lang='lat' dir='ltr'>palluisti3</span> <span class='ocrx_word' id='word_1_151' title='bbox 600 1450 649 1496; x_wconf 79' lang='lat' dir='ltr'>ego</span> <span class='ocrx_word' id='word_1_152' title='bbox 664 1451 748 1495; x_wconf 89' lang='lat' dir='ltr'>neque</span> <span class='ocrx_word' id='word_1_153' title='bbox 757 1437 844 1498; x_wconf 89' lang='lat' dir='ltr'>timui,</span> <span class='ocrx_word' id='word_1_154' title='bbox 856 1451 940 1496; x_wconf 84' lang='lat' dir='ltr'>nequo</span> 
     </span>
     <span class='ocr_line' id='line_1_21' title="bbox 132 1504 939 1572; baseline -0.009 -14"><span class='ocrx_word' id='word_1_155' title='bbox 132 1510 234 1572; x_wconf 74' lang='lat' dir='ltr'>palluit</span> <span class='ocrx_word' id='word_1_156' title='bbox 270 1513 294 1555; x_wconf 82' lang='lat'>9.</span> <span class='ocrx_word' id='word_1_157' title='bbox 318 1507 353 1552; x_wconf 88' lang='lat' dir='ltr'>Et</span> <span class='ocrx_word' id='word_1_158' title='bbox 366 1504 537 1564; x_wconf 84' lang='lat' dir='ltr'>philosophus</span> <span class='ocrx_word' id='word_1_159' title='bbox 553 1504 716 1562; x_wconf 84' lang='lat' dir='ltr'>aliquantum</span> <span class='ocrx_word' id='word_1_160' title='bbox 735 1507 890 1561; x_wconf 89' lang='lat' dir='ltr'>cunctatus,</span> <span class='ocrx_word' id='word_1_161' title='bbox 908 1518 939 1551; x_wconf 85' lang='lat' dir='ltr'>au</span> 
     </span>
     <span class='ocr_line' id='line_1_22' title="bbox 132 1571 939 1637; baseline -0.01 -10"><span class='ocrx_word' id='word_1_162' title='bbox 132 1576 293 1637; x_wconf 87' lang='lat' dir='ltr'>respondere</span> <span class='ocrx_word' id='word_1_163' title='bbox 304 1574 329 1620; x_wconf 92' lang='lat' dir='ltr'>ei</span> <span class='ocrx_word' id='word_1_164' title='bbox 340 1572 501 1621; x_wconf 85' lang='lat' dir='ltr'>conveniret:</span> <span class='ocrx_word' id='word_1_165' title='bbox 521 1573 551 1619; x_wconf 87' lang='lat' dir='ltr'>Si</span> <span class='ocrx_word' id='word_1_166' title='bbox 560 1571 621 1629; x_wconf 82' lang='lat' dir='ltr'>quid</span> <span class='ocrx_word' id='word_1_167' title='bbox 632 1585 695 1632; x_wconf 79' lang='lat' dir='ltr'>ego,</span> <span class='ocrx_word' id='word_1_168' title='bbox 711 1572 810 1632; x_wconf 86' lang='lat' dir='ltr'>inquit,</span> <span class='ocrx_word' id='word_1_169' title='bbox 826 1572 856 1618; x_wconf 91' lang='lat' dir='ltr'>in</span> <span class='ocrx_word' id='word_1_170' title='bbox 867 1575 939 1619; x_wconf 84' lang='lat' dir='ltr'>tauta</span> 
     </span>
     <span class='ocr_line' id='line_1_23' title="bbox 132 1639 938 1700; baseline -0.01 -6"><span class='ocrx_word' id='word_1_171' title='bbox 132 1644 261 1695; x_wconf 83' lang='lat' dir='ltr'>violentia</span> <span class='ocrx_word' id='word_1_172' title='bbox 270 1641 448 1699; x_wconf 78' lang='lat' dir='ltr'>tempestatum</span> <span class='ocrx_word' id='word_1_173' title='bbox 459 1641 552 1686; x_wconf 86' lang='lat' dir='ltr'>videor</span> <span class='ocrx_word' id='word_1_174' title='bbox 562 1639 667 1698; x_wconf 83' lang='lat' dir='ltr'>paulum</span> <span class='ocrx_word' id='word_1_175' title='bbox 676 1642 837 1700; x_wconf 78' lang='lat' dir='ltr'>pavefactus,</span> <span class='ocrx_word' id='word_1_176' title='bbox 845 1653 903 1687; x_wconf 89' lang='lat' dir='ltr'>non</span> <span class='ocrx_word' id='word_1_177' title='bbox 911 1642 938 1686; x_wconf 86' lang='lat' dir='ltr'>tn</span> 
     </span>
     <span class='ocr_line' id='line_1_24' title="bbox 132 1705 938 1766; baseline -0.009 -5"><span class='ocrx_word' id='word_1_178' title='bbox 132 1713 208 1764; x_wconf 88' lang='lat' dir='ltr'>istius</span> <span class='ocrx_word' id='word_1_179' title='bbox 222 1711 262 1759; x_wconf 88' lang='lat' dir='ltr'>rei</span> <span class='ocrx_word' id='word_1_180' title='bbox 275 1708 378 1755; x_wconf 88' lang='lat' dir='ltr'>ratione</span> <span class='ocrx_word' id='word_1_181' title='bbox 389 1707 517 1755; x_wconf 87' lang='lat' dir='ltr'>audienda</span> <span class='ocrx_word' id='word_1_182' title='bbox 530 1707 622 1764; x_wconf 78' lang='lat' dir='ltr'>dignus</span> <span class='ocrx_word' id='word_1_183' title='bbox 631 1720 673 1766; x_wconf 85' lang='lat' dir='ltr'>es;</span> <span class='ocrx_word' id='word_1_184' title='bbox 700 1710 742 1754; x_wconf 84' lang='lat'>1⁰.</span> <span class='ocrx_word' id='word_1_185' title='bbox 760 1705 805 1752; x_wconf 85' lang='lat' dir='ltr'>sed</span> <span class='ocrx_word' id='word_1_186' title='bbox 815 1707 866 1754; x_wconf 86' lang='lat' dir='ltr'>tibi</span> <span class='ocrx_word' id='word_1_187' title='bbox 877 1721 938 1757; x_wconf 84' lang='lat' dir='ltr'>saue</span> 
     </span>
     <span class='ocr_line' id='line_1_25' title="bbox 132 1773 941 1838; baseline -0.007 -11"><span class='ocrx_word' id='word_1_188' title='bbox 132 1779 281 1838; x_wconf 76' lang='lat' dir='ltr'>Aristippus</span> <span class='ocrx_word' id='word_1_189' title='bbox 291 1776 338 1823; x_wconf 91' lang='lat' dir='ltr'>ille</span> <span class='ocrx_word' id='word_1_190' title='bbox 349 1788 395 1833; x_wconf 92' lang='lat' dir='ltr'>pro</span> <span class='ocrx_word' id='word_1_191' title='bbox 406 1788 445 1820; x_wconf 89' lang='lat' dir='ltr'>me</span> <span class='ocrx_word' id='word_1_192' title='bbox 456 1773 634 1833; x_wconf 87' lang='lat' dir='ltr'>responderit:</span> <span class='ocrx_word' id='word_1_193' title='bbox 654 1774 696 1831; x_wconf 82' lang='lat' dir='ltr'>qui</span> <span class='ocrx_word' id='word_1_194' title='bbox 706 1775 734 1821; x_wconf 88' lang='lat' dir='ltr'>in</span> <span class='ocrx_word' id='word_1_195' title='bbox 744 1773 826 1820; x_wconf 86' lang='lat' dir='ltr'>simili</span> <span class='ocrx_word' id='word_1_196' title='bbox 836 1776 941 1834; x_wconf 83' lang='lat' dir='ltr'>tempo-</span> 
     </span>
     <span class='ocr_line' id='line_1_26' title="bbox 132 1841 937 1900; baseline -0.007 -5"><span class='ocrx_word' id='word_1_197' title='bbox 132 1862 161 1895; x_wconf 88' lang='lat' dir='ltr'>re</span> <span class='ocrx_word' id='word_1_198' title='bbox 171 1861 186 1894; x_wconf 84' lang='lat' dir='ltr'>a</span> <span class='ocrx_word' id='word_1_199' title='bbox 196 1845 330 1892; x_wconf 89' lang='lat' dir='ltr'>simillimo</span> <span class='ocrx_word' id='word_1_200' title='bbox 343 1842 381 1888; x_wconf 88' lang='lat' dir='ltr'>tui</span> <span class='ocrx_word' id='word_1_201' title='bbox 395 1842 498 1888; x_wconf 85' lang='lat' dir='ltr'>bomine</span> <span class='ocrx_word' id='word_1_202' title='bbox 513 1841 704 1899; x_wconf 78' lang='lat' dir='ltr'>interrogatus,</span> <span class='ocrx_word' id='word_1_203' title='bbox 723 1855 802 1900; x_wconf 89' lang='lat' dir='ltr'>quare</span> <span class='ocrx_word' id='word_1_204' title='bbox 817 1842 937 1900; x_wconf 89' lang='lat' dir='ltr'>pbiloso-</span> 
     </span>
     <span class='ocr_line' id='line_1_27' title="bbox 132 1907 938 1976; baseline -0.007 -14"><span class='ocrx_word' id='word_1_205' title='bbox 132 1918 197 1976; x_wconf 91' lang='lat' dir='ltr'>pbus</span> <span class='ocrx_word' id='word_1_206' title='bbox 208 1913 318 1972; x_wconf 84' lang='lat' dir='ltr'>timeret,</span> <span class='ocrx_word' id='word_1_207' title='bbox 332 1923 388 1956; x_wconf 88' lang='lat' dir='ltr'>curu</span> <span class='ocrx_word' id='word_1_208' title='bbox 399 1908 447 1956; x_wconf 88' lang='lat' dir='ltr'>ille</span> <span class='ocrx_word' id='word_1_209' title='bbox 458 1910 549 1954; x_wconf 84' lang='lat' dir='ltr'>contra</span> <span class='ocrx_word' id='word_1_210' title='bbox 558 1907 625 1954; x_wconf 86' lang='lat' dir='ltr'>nibil</span> <span class='ocrx_word' id='word_1_211' title='bbox 634 1911 778 1956; x_wconf 80' lang='lat' dir='ltr'>metuereti</span> <span class='ocrx_word' id='word_1_212' title='bbox 800 1910 860 1956; x_wconf 85' lang='lat' dir='ltr'>Non</span> <span class='ocrx_word' id='word_1_213' title='bbox 870 1924 938 1956; x_wconf 79' lang='lat' dir='ltr'>eua-</span> 
     </span>
     <span class='ocr_line' id='line_1_28' title="bbox 132 1976 937 2036; baseline -0.01 -5"><span class='ocrx_word' id='word_1_214' title='bbox 132 1988 187 2031; x_wconf 81' lang='lat' dir='ltr'>dem</span> <span class='ocrx_word' id='word_1_215' title='bbox 196 1995 252 2029; x_wconf 79' lang='lat' dir='ltr'>esse</span> <span class='ocrx_word' id='word_1_216' title='bbox 262 1990 370 2027; x_wconf 80' lang='lat' dir='ltr'>causum</span> <span class='ocrx_word' id='word_1_217' title='bbox 380 1977 442 2032; x_wconf 77' lang='lat' dir='ltr'>sibi,</span> <span class='ocrx_word' id='word_1_218' title='bbox 457 1976 597 2036; x_wconf 74' lang='lat' dir='ltr'>utpuec‘lls‘,</span> <span class='ocrx_word' id='word_1_219' title='bbox 613 1976 759 2035; x_wconf 87' lang='lat' dir='ltr'>respondit;</span> <span class='ocrx_word' id='word_1_220' title='bbox 779 1977 907 2035; x_wconf 86' lang='lat' dir='ltr'>quoniam</span> <span class='ocrx_word' id='word_1_221' title='bbox 914 1977 937 2025; x_wconf 90' lang='lat' dir='ltr'>is</span> 
     </span>
     <span class='ocr_line' id='line_1_29' title="bbox 132 2042 937 2109; baseline -0.007 -12"><span class='ocrx_word' id='word_1_222' title='bbox 132 2050 234 2109; x_wconf 80' lang='lat' dir='ltr'>quidem</span> <span class='ocrx_word' id='word_1_223' title='bbox 249 2047 319 2094; x_wconf 91' lang='lat' dir='ltr'>esset</span> <span class='ocrx_word' id='word_1_224' title='bbox 331 2056 385 2089; x_wconf 86' lang='lat' dir='ltr'>non</span> <span class='ocrx_word' id='word_1_225' title='bbox 398 2056 491 2102; x_wconf 79' lang='lat' dir='ltr'>magno</span> <span class='ocrx_word' id='word_1_226' title='bbox 505 2056 585 2101; x_wconf 90' lang='lat' dir='ltr'>opere</span> <span class='ocrx_word' id='word_1_227' title='bbox 596 2042 727 2089; x_wconf 90' lang='lat' dir='ltr'>sollicitus</span> <span class='ocrx_word' id='word_1_228' title='bbox 737 2057 784 2101; x_wconf 90' lang='lat' dir='ltr'>pro</span> <span class='ocrx_word' id='word_1_229' title='bbox 795 2044 883 2091; x_wconf 87' lang='lat' dir='ltr'>anima</span> <span class='ocrx_word' id='word_1_230' title='bbox 893 2059 937 2091; x_wconf 86' lang='lat' dir='ltr'>ne-</span> 
     </span>
     <span class='ocr_line' id='line_1_30' title="bbox 132 2109 937 2176; baseline -0.006 -13"><span class='ocrx_word' id='word_1_231' title='bbox 132 2114 249 2176; x_wconf 83' lang='lat' dir='ltr'>quissimi</span> <span class='ocrx_word' id='word_1_232' title='bbox 258 2109 412 2170; x_wconf 75' lang='lat' dir='ltr'>nebulonis,</span> <span class='ocrx_word' id='word_1_233' title='bbox 422 2110 505 2168; x_wconf 91' lang='lat' dir='ltr'>ipsum</span> <span class='ocrx_word' id='word_1_234' title='bbox 515 2111 602 2157; x_wconf 90' lang='lat' dir='ltr'>autem</span> <span class='ocrx_word' id='word_1_235' title='bbox 610 2124 657 2168; x_wconf 89' lang='lat' dir='ltr'>pro</span> <span class='ocrx_word' id='word_1_236' title='bbox 667 2110 795 2171; x_wconf 70' lang='lat' dir='ltr'>Aristippi</span> <span class='ocrx_word' id='word_1_237' title='bbox 806 2110 895 2158; x_wconf 88' lang='lat' dir='ltr'>anima</span> <span class='ocrx_word' id='word_1_238' title='bbox 904 2112 937 2158; x_wconf 86' lang='lat' dir='ltr'>ti-</span> 
     </span>
     <span class='ocr_line' id='line_1_31' title="bbox 131 2177 936 2232; baseline -0.007 -1"><span class='ocrx_word' id='word_1_239' title='bbox 131 2198 210 2232; x_wconf 88' lang='lat' dir='ltr'>mere.</span> <span class='ocrx_word' id='word_1_240' title='bbox 247 2184 287 2228; x_wconf 90' lang='lat'>11.</span> <span class='ocrx_word' id='word_1_241' title='bbox 304 2180 352 2230; x_wconf 90' lang='lat' dir='ltr'>His</span> <span class='ocrx_word' id='word_1_242' title='bbox 364 2181 427 2224; x_wconf 88' lang='lat' dir='ltr'>tunc</span> <span class='ocrx_word' id='word_1_243' title='bbox 436 2177 524 2225; x_wconf 84' lang='lat' dir='ltr'>verbis</span> <span class='ocrx_word' id='word_1_244' title='bbox 534 2177 639 2224; x_wconf 87' lang='lat' dir='ltr'>Stoicus</span> <span class='ocrx_word' id='word_1_245' title='bbox 650 2178 757 2224; x_wconf 78' lang='lat' dir='ltr'>divitem</span> <span class='ocrx_word' id='word_1_246' title='bbox 770 2178 848 2224; x_wconf 89' lang='lat' dir='ltr'>ilium</span> <span class='ocrx_word' id='word_1_247' title='bbox 859 2179 936 2225; x_wconf 77' lang='lat' dir='ltr'>Asia-</span> 
     </span>
     <span class='ocr_line' id='line_1_32' title="bbox 131 2245 936 2303; baseline -0.009 -5"><span class='ocrx_word' id='word_1_248' title='bbox 131 2252 212 2299; x_wconf 87' lang='lat' dir='ltr'>ticum</span> <span class='ocrx_word' id='word_1_249' title='bbox 221 2262 303 2296; x_wconf 86' lang='lat' dir='ltr'>aseae</span> <span class='ocrx_word' id='word_1_250' title='bbox 314 2245 437 2293; x_wconf 89' lang='lat' dir='ltr'>amolitus</span> <span class='ocrx_word' id='word_1_251' title='bbox 447 2247 495 2291; x_wconf 90' lang='lat' dir='ltr'>est.</span> <span class='ocrx_word' id='word_1_252' title='bbox 529 2246 570 2291; x_wconf 79' lang='lat'>12.</span> <span class='ocrx_word' id='word_1_253' title='bbox 587 2245 638 2292; x_wconf 81' lang='lat' dir='ltr'>Sed</span> <span class='ocrx_word' id='word_1_254' title='bbox 647 2248 740 2303; x_wconf 87' lang='lat' dir='ltr'>postea</span> <span class='ocrx_word' id='word_1_255' title='bbox 750 2258 807 2291; x_wconf 86' lang='lat' dir='ltr'>cum</span> <span class='ocrx_word' id='word_1_256' title='bbox 816 2246 936 2292; x_wconf 85' lang='lat' dir='ltr'>Brundu-</span> 
     </span>
     <span class='ocr_line' id='line_1_33' title="bbox 133 2312 935 2374; baseline -0.009 -9"><span class='ocrx_word' id='word_1_257' title='bbox 133 2318 201 2365; x_wconf 90' lang='lat' dir='ltr'>sium</span> <span class='ocrx_word' id='word_1_258' title='bbox 211 2317 416 2374; x_wconf 78' lang='lat' dir='ltr'>adventaremus,</span> <span class='ocrx_word' id='word_1_259' title='bbox 427 2312 574 2371; x_wconf 83' lang='lat' dir='ltr'>mellitique</span> <span class='ocrx_word' id='word_1_260' title='bbox 584 2314 672 2359; x_wconf 85' lang='lat' dir='ltr'>essent</span> <span class='ocrx_word' id='word_1_261' title='bbox 681 2312 752 2359; x_wconf 85' lang='lat' dir='ltr'>venti</span> <span class='ocrx_word' id='word_1_262' title='bbox 762 2313 857 2360; x_wconf 83' lang='lat' dir='ltr'>maris:</span> <span class='ocrx_word' id='word_1_263' title='bbox 876 2326 935 2372; x_wconf 80' lang='lat' dir='ltr'>per-</span> 
     </span>
     <span class='ocr_line' id='line_1_34' title="bbox 131 2379 936 2442; baseline -0.006 -12"><span class='ocrx_word' id='word_1_264' title='bbox 131 2384 251 2430; x_wconf 88' lang='lat' dir='ltr'>contatus</span> <span class='ocrx_word' id='word_1_265' title='bbox 263 2395 320 2427; x_wconf 88' lang='lat' dir='ltr'>eum</span> <span class='ocrx_word' id='word_1_266' title='bbox 331 2391 401 2442; x_wconf 88' lang='lat' dir='ltr'>sum,</span> <span class='ocrx_word' id='word_1_267' title='bbox 415 2391 541 2437; x_wconf 83' lang='lat' dir='ltr'>quaenam</span> <span class='ocrx_word' id='word_1_268' title='bbox 550 2379 600 2426; x_wconf 86' lang='lat' dir='ltr'>illa</span> <span class='ocrx_word' id='word_1_269' title='bbox 609 2379 677 2427; x_wconf 85' lang='lat' dir='ltr'>ratio</span> <span class='ocrx_word' id='word_1_270' title='bbox 689 2379 876 2438; x_wconf 80' lang='lat' dir='ltr'>essetpavoris</span> <span class='ocrx_word' id='word_1_271' title='bbox 886 2382 936 2434; x_wconf 85' lang='lat' dir='ltr'>sui,</span> 
     </span>
     <span class='ocr_line' id='line_1_35' title="bbox 131 2446 937 2508; baseline -0.001 -13"><span class='ocrx_word' id='word_1_272' title='bbox 131 2462 207 2508; x_wconf 88' lang='lat' dir='ltr'>quam</span> <span class='ocrx_word' id='word_1_273' title='bbox 217 2447 302 2492; x_wconf 87' lang='lat' dir='ltr'>dicere</span> <span class='ocrx_word' id='word_1_274' title='bbox 318 2446 343 2492; x_wconf 88' lang='lat' dir='ltr'>ei</span> <span class='ocrx_word' id='word_1_275' title='bbox 356 2447 558 2506; x_wconf 87' lang='lat' dir='ltr'>supersedisset,</span> <span class='ocrx_word' id='word_1_276' title='bbox 577 2460 594 2492; x_wconf 86' lang='lat' dir='ltr'>a</span> <span class='ocrx_word' id='word_1_277' title='bbox 604 2460 654 2506; x_wconf 85' lang='lat' dir='ltr'>quo</span> <span class='ocrx_word' id='word_1_278' title='bbox 664 2448 813 2495; x_wconf 86' lang='lat' dir='ltr'>lueratnon</span> <span class='ocrx_word' id='word_1_279' title='bbox 822 2446 889 2493; x_wconf 85' lang='lat' dir='ltr'>satis</span> <span class='ocrx_word' id='word_1_280' title='bbox 900 2447 937 2494; x_wconf 82' lang='lat' dir='ltr'>di·</span> 
     </span>
     <span class='ocr_line' id='line_1_36' title="bbox 131 2513 937 2574; baseline 0 -14"><span class='ocrx_word' id='word_1_281' title='bbox 131 2529 181 2574; x_wconf 75' lang='lat' dir='ltr'>gne</span> <span class='ocrx_word' id='word_1_282' title='bbox 193 2513 378 2571; x_wconf 85' lang='lat' dir='ltr'>compellatusi</span> <span class='ocrx_word' id='word_1_283' title='bbox 396 2513 526 2572; x_wconf 64' lang='lat' dir='ltr'>lantque</span> <span class='ocrx_word' id='word_1_284' title='bbox 536 2513 583 2560; x_wconf 89' lang='lat' dir='ltr'>ille</span> <span class='ocrx_word' id='word_1_285' title='bbox 593 2513 656 2560; x_wconf 89' lang='lat' dir='ltr'>mibi</span> <span class='ocrx_word' id='word_1_286' title='bbox 665 2515 769 2573; x_wconf 84' lang='lat' dir='ltr'>placide</span> <span class='ocrx_word' id='word_1_287' title='bbox 779 2516 806 2560; x_wconf 89' lang='lat' dir='ltr'>et</span> <span class='ocrx_word' id='word_1_288' title='bbox 816 2515 937 2561; x_wconf 85' lang='lat' dir='ltr'>comiter:</span> 
     </span>
     <span class='ocr_line' id='line_1_37' title="bbox 129 2578 936 2640; baseline 0.001 -14"><span class='ocrx_word' id='word_1_289' title='bbox 129 2581 266 2635; x_wconf 74' lang='lat' dir='ltr'>Quoniam,</span> <span class='ocrx_word' id='word_1_290' title='bbox 282 2578 376 2635; x_wconf 86' lang='lat' dir='ltr'>inquit,</span> <span class='ocrx_word' id='word_1_291' title='bbox 390 2579 513 2625; x_wconf 87' lang='lat' dir='ltr'>audiendi</span> <span class='ocrx_word' id='word_1_292' title='bbox 524 2580 632 2638; x_wconf 89' lang='lat' dir='ltr'>cupidus</span> <span class='ocrx_word' id='word_1_293' title='bbox 643 2595 680 2640; x_wconf 94' lang='lat' dir='ltr'>es,</span> <span class='ocrx_word' id='word_1_294' title='bbox 697 2581 772 2638; x_wconf 87' lang='lat' dir='ltr'>audi,</span> <span class='ocrx_word' id='word_1_295' title='bbox 785 2580 848 2638; x_wconf 86' lang='lat' dir='ltr'>quid</span> <span class='ocrx_word' id='word_1_296' title='bbox 859 2594 936 2640; x_wconf 88' lang='lat' dir='ltr'>super</span> 
     </span>
     <span class='ocr_line' id='line_1_38' title="bbox 129 2643 935 2706; baseline 0.001 -13"><span class='ocrx_word' id='word_1_297' title='bbox 129 2646 181 2693; x_wconf 88' lang='lat' dir='ltr'>isto</span> <span class='ocrx_word' id='word_1_298' title='bbox 192 2643 266 2693; x_wconf 84' lang='lat' dir='ltr'>breui</span> <span class='ocrx_word' id='word_1_299' title='bbox 275 2643 386 2704; x_wconf 84' lang='lat' dir='ltr'>quidem,</span> <span class='ocrx_word' id='word_1_300' title='bbox 393 2644 440 2689; x_wconf 89' lang='lat' dir='ltr'>sed</span> <span class='ocrx_word' id='word_1_301' title='bbox 449 2647 600 2694; x_wconf 84' lang='lat' dir='ltr'>necessario</span> <span class='ocrx_word' id='word_1_302' title='bbox 612 2651 640 2695; x_wconf 90' lang='lat' dir='ltr'>et</span> <span class='ocrx_word' id='word_1_303' title='bbox 649 2648 764 2696; x_wconf 86' lang='lat' dir='ltr'>naturali</span> <span class='ocrx_word' id='word_1_304' title='bbox 772 2659 873 2706; x_wconf 81' lang='lat' dir='ltr'>pavore</span> <span class='ocrx_word' id='word_1_305' title='bbox 882 2661 935 2694; x_wconf 82' lang='lat' dir='ltr'>ms·</span> 
     </span>
    </p>
   </div>
   <div class='ocr_carea' id='block_1_3' title="bbox 0 0 1038 3034">
    <p class='ocr_par' dir='ltr' id='par_1_3' title="bbox 0 0 1038 3034">
     <span class='ocr_line' id='line_1_39' title="bbox 0 0 1038 3034; baseline 0 1"><span class='ocrx_word' id='word_1_306' title='bbox 0 0 1038 3034; x_wconf 95' lang='lat' dir='ltr'> </span> 
     </span>
    </p>
   </div>
  </div>
 </body>
</html>
